2024-09-05 07:00:36,ETHUSDT,bid,1960,5283.406
2024-09-05 07:00:36,ETHUSDT,bid,1960,5283.304
2024-09-05 07:00:37,ETHUSDT,bid,1960,5283.304
2024-09-05 07:00:37,ETHUSDT,bid,1960,5283.406
2024-09-05 07:00:37,ETHUSDT,bid,1960,5283.304
2024-09-05 07:00:38,ETHUSDT,bid,1960,5283.406
2024-09-05 07:00:38,ETHUSDT,bid,1960,5283.304
2024-09-05 07:00:39,ETHUSDT,bid,1960,5283.406
2024-09-05 07:00:39,ETHUSDT,bid,1960,5283.304
2024-09-05 07:00:40,ETHUSDT,bid,1960,5283.406
2024-09-05 07:00:40,ETHUSDT,bid,1960,5283.304
2024-09-05 07:00:41,ETHUSDT,bid,1960,5283.406
2024-09-05 07:00:41,ETHUSDT,bid,1960,5283.304
2024-09-05 07:00:42,ETHUSDT,bid,1960,5283.406
2024-09-05 07:00:42,ETHUSDT,bid,1960,5283.304
2024-09-05 07:00:42,ETHUSDT,bid,1960,5283.304
2024-09-05 07:00:43,ETHUSDT,bid,1960,5283.304
2024-09-05 07:00:44,ETHUSDT,bid,1960,5283.304
2024-09-05 07:00:45,ETHUSDT,bid,1960,5283.304
2024-09-05 07:00:45,ETHUSDT,bid,1960,5283.304
2024-09-05 07:00:46,ETHUSDT,bid,1960,5283.304
2024-09-05 07:01:03,ETHUSDT,bid,2330,4579.96
2024-09-05 07:01:15,ETHUSDT,ask,2480,4233.755
2024-09-05 07:01:25,ETHUSDT,ask,2480,4231.404
2024-09-05 07:02:01,ETHUSDT,ask,2480,4233.428
2024-09-05 07:02:26,ETHUSDT,bid,2330,4579.981
2024-09-05 07:02:53,ETHUSDT,ask,2480,4233.628
2024-09-05 07:04:40,ETHUSDT,ask,2480,4234.432
2024-09-05 07:07:11,ETHUSDT,ask,2480,4233.632
2024-09-05 07:08:44,ETHUSDT,bid,2140,4943.475
2024-09-05 07:09:17,ETHUSDT,ask,2480,4234.617
2024-09-05 07:09:52,ETHUSDT,ask,2480,4234.034
2024-09-05 07:10:10,ETHUSDT,bid,2330,4580.978
2024-09-05 07:11:26,ETHUSDT,ask,2480,4213.523
2024-09-05 07:11:47,ETHUSDT,ask,2480,4213.714
2024-09-05 07:18:05,ETHUSDT,bid,2330,4580.896
2024-09-05 07:21:06,ETHUSDT,ask,2590,5817.627
2024-09-05 07:23:54,ETHUSDT,bid,2330,4580.911
2024-09-05 07:23:59,ETHUSDT,bid,2330,4580.89
2024-09-05 07:25:23,ETHUSDT,ask,2570,3901.877
2024-09-05 07:26:50,ETHUSDT,ask,2570,3902.361
2024-09-05 07:28:25,ETHUSDT,ask,2570,3901.877
2024-09-05 07:30:41,ETHUSDT,bid,2140,4945.408
2024-09-05 07:32:13,ETHUSDT,bid,2330,4580.845
2024-09-05 07:32:39,ETHUSDT,bid,1700,6032.787
2024-09-05 07:33:14,ETHUSDT,bid,2200,6497.863
2024-09-05 07:35:12,ETHUSDT,bid,1700,6033.057
2024-09-05 07:39:49,ETHUSDT,bid,1700,6032.787
2024-09-05 07:40:23,ETHUSDT,ask,2570,3893.659
2024-09-05 07:41:09,ETHUSDT,bid,2330,4580.935
2024-09-05 07:48:15,ETHUSDT,ask,2590,5827.627
2024-09-05 07:50:29,ETHUSDT,bid,2330,4580.435
2024-09-05 07:56:39,ETHUSDT,bid,2330,4580.485
2024-09-05 07:57:24,ETHUSDT,bid,2330,4580.914
2024-09-05 08:09:48,ETHUSDT,bid,2330,4585.193
2024-09-05 08:13:00,ETHUSDT,bid,2330,4585.231
2024-09-05 08:13:41,ETHUSDT,bid,2330,4585.258
2024-09-05 08:15:02,ETHUSDT,bid,2330,4584.615
2024-09-05 08:15:56,ETHUSDT,bid,2330,4584.938
2024-09-05 08:20:07,ETHUSDT,bid,2200,4541.198
2024-09-05 08:20:07,ETHUSDT,bid,2200,4541.188
2024-09-05 08:20:08,ETHUSDT,bid,2200,4541.198
2024-09-05 08:20:08,ETHUSDT,bid,2200,4541.198
2024-09-05 08:20:09,ETHUSDT,bid,2200,4541.208
2024-09-05 08:20:10,ETHUSDT,bid,2200,4541.208
2024-09-05 08:20:10,ETHUSDT,bid,2200,4541.208
2024-09-05 08:20:11,ETHUSDT,bid,2200,4541.208
2024-09-05 08:20:12,ETHUSDT,bid,2200,4541.218
2024-09-05 08:20:12,ETHUSDT,bid,2200,4541.228
2024-09-05 08:20:12,ETHUSDT,bid,2200,4541.218
2024-09-05 08:20:12,ETHUSDT,bid,2200,4541.228
2024-09-05 08:20:51,ETHUSDT,bid,2200,4541.228
2024-09-05 08:20:51,ETHUSDT,bid,2200,4541.238
2024-09-05 08:20:52,ETHUSDT,bid,2200,4541.238
2024-09-05 08:20:53,ETHUSDT,bid,2200,4541.248
2024-09-05 08:20:53,ETHUSDT,bid,2200,4541.248
2024-09-05 08:20:54,ETHUSDT,bid,2200,4541.258
2024-09-05 08:20:54,ETHUSDT,bid,2200,4541.258
2024-09-05 08:20:55,ETHUSDT,bid,2200,4541.268
2024-09-05 08:20:55,ETHUSDT,bid,2200,4541.268
2024-09-05 08:20:56,ETHUSDT,bid,2200,4541.268
2024-09-05 08:20:56,ETHUSDT,bid,2200,4541.278
2024-09-05 08:20:57,ETHUSDT,bid,2200,4541.288
2024-09-05 08:20:57,ETHUSDT,bid,2200,4541.298
2024-09-05 08:20:58,ETHUSDT,bid,2200,4541.298
2024-09-05 08:20:59,ETHUSDT,bid,2200,4541.298
2024-09-05 08:20:59,ETHUSDT,bid,2200,4541.308
2024-09-05 08:20:59,ETHUSDT,bid,2200,4541.318
2024-09-05 08:20:59,ETHUSDT,bid,2200,4541.328
2024-09-05 08:20:59,ETHUSDT,bid,2200,4541.338
2024-09-05 08:21:01,ETHUSDT,bid,2200,4541.338
2024-09-05 08:21:18,ETHUSDT,bid,2200,4541.328
2024-09-05 08:21:19,ETHUSDT,bid,2200,4541.318
2024-09-05 08:21:21,ETHUSDT,bid,2200,4541.308
2024-09-05 08:21:22,ETHUSDT,bid,2200,4541.298
2024-09-05 08:21:41,ETHUSDT,bid,2200,4541.288
2024-09-05 08:21:42,ETHUSDT,bid,2200,4541.278
2024-09-05 08:21:43,ETHUSDT,bid,2200,4541.268
2024-09-05 08:21:43,ETHUSDT,bid,2200,4541.258
2024-09-05 08:21:43,ETHUSDT,bid,2200,4541.248
2024-09-05 08:21:44,ETHUSDT,bid,2200,4541.238
2024-09-05 08:21:44,ETHUSDT,bid,2200,4541.228
2024-09-05 08:21:45,ETHUSDT,bid,2200,4541.218
2024-09-05 08:21:45,ETHUSDT,bid,2200,4541.208
2024-09-05 08:21:45,ETHUSDT,bid,2200,4541.198
2024-09-05 08:21:46,ETHUSDT,bid,2200,4541.188
2024-09-05 08:30:41,ETHUSDT,bid,2330,4584.848
2024-09-05 08:33:15,ETHUSDT,bid,2330,4589.848
2024-09-05 08:33:36,ETHUSDT,bid,2330,4589.72
2024-09-05 08:34:25,ETHUSDT,bid,2330,4589.693
2024-09-05 08:38:24,ETHUSDT,bid,2330,4582.476
2024-09-05 08:39:39,ETHUSDT,ask,2590,5827.296
2024-09-05 08:41:47,ETHUSDT,ask,2670,3797.303
2024-09-05 08:46:57,ETHUSDT,bid,2210,4525.253
2024-09-05 08:47:01,ETHUSDT,bid,2210,4525.263
2024-09-05 08:47:06,ETHUSDT,bid,2210,4525.253
2024-09-05 08:47:10,ETHUSDT,bid,2210,4525.243
2024-09-05 09:02:18,ETHUSDT,ask,2590,5829.211
2024-09-05 09:04:16,ETHUSDT,bid,2330,4582.434
2024-09-05 09:05:08,ETHUSDT,bid,2200,4546.55
2024-09-05 09:05:33,ETHUSDT,bid,2200,4626.55
2024-09-05 09:07:01,ETHUSDT,bid,2030,5037.228
2024-09-05 09:11:41,ETHUSDT,bid,2200,6497.863
2024-09-05 09:11:48,ETHUSDT,bid,2200,6497.873
2024-09-05 09:11:48,ETHUSDT,bid,2200,6497.883
2024-09-05 09:11:48,ETHUSDT,bid,2200,6497.883
2024-09-05 09:11:49,ETHUSDT,bid,2200,6497.893
2024-09-05 09:12:06,ETHUSDT,bid,2200,6497.903
2024-09-05 09:12:06,ETHUSDT,bid,2200,6497.913
2024-09-05 09:12:06,ETHUSDT,bid,2200,6497.923
2024-09-05 09:12:07,ETHUSDT,bid,2200,6497.923
2024-09-05 09:12:07,ETHUSDT,bid,2200,6497.943
2024-09-05 09:12:08,ETHUSDT,bid,2200,6497.963
2024-09-05 09:12:08,ETHUSDT,bid,2200,6497.963
2024-09-05 09:12:08,ETHUSDT,bid,2200,6497.973
2024-09-05 09:12:09,ETHUSDT,bid,2200,6497.973
2024-09-05 09:12:09,ETHUSDT,bid,2200,6497.983
2024-09-05 09:12:09,ETHUSDT,bid,2200,6498.003
2024-09-05 09:12:10,ETHUSDT,bid,2200,6498.013
2024-09-05 09:12:10,ETHUSDT,bid,2200,6498.013
2024-09-05 09:12:17,ETHUSDT,bid,2200,6498.003
2024-09-05 09:12:18,ETHUSDT,bid,2200,6497.993
2024-09-05 09:12:19,ETHUSDT,bid,2200,6497.983
2024-09-05 09:12:40,ETHUSDT,bid,2200,6497.973
2024-09-05 09:12:41,ETHUSDT,bid,2200,6497.963
2024-09-05 09:12:41,ETHUSDT,bid,2200,6497.953
2024-09-05 09:12:41,ETHUSDT,bid,2200,6497.943
2024-09-05 09:12:42,ETHUSDT,bid,2200,6497.933
2024-09-05 09:12:43,ETHUSDT,bid,2200,6497.923
2024-09-05 09:12:43,ETHUSDT,bid,2200,6497.913
2024-09-05 09:12:43,ETHUSDT,bid,2200,6497.903
2024-09-05 09:12:44,ETHUSDT,bid,2200,6497.893
2024-09-05 09:12:44,ETHUSDT,bid,2200,6497.883
2024-09-05 09:12:45,ETHUSDT,bid,2200,6497.863
2024-09-05 09:13:12,ETHUSDT,bid,2140,9425.622
2024-09-05 09:13:25,ETHUSDT,bid,2200,4541.198
2024-09-05 09:13:56,ETHUSDT,bid,1960,5283.284
2024-09-05 09:14:15,ETHUSDT,bid,1700,6032.767
2024-09-05 09:20:54,ETHUSDT,bid,1960,5283.386
2024-09-05 09:20:54,ETHUSDT,bid,1960,5283.284
2024-09-05 09:20:56,ETHUSDT,bid,1960,5283.284
2024-09-05 09:20:56,ETHUSDT,bid,1960,5283.284
2024-09-05 09:20:57,ETHUSDT,bid,1960,5283.386
2024-09-05 09:20:57,ETHUSDT,bid,1960,5283.284
2024-09-05 09:20:58,ETHUSDT,bid,1960,5283.386
2024-09-05 09:20:58,ETHUSDT,bid,1960,5283.284
2024-09-05 09:21:06,ETHUSDT,bid,1960,5284.304
2024-09-05 09:23:53,ETHUSDT,bid,1940,5214.205
2024-09-05 09:25:39,ETHUSDT,bid,1960,5284.406
2024-09-05 09:25:39,ETHUSDT,bid,1960,5284.304
2024-09-05 09:25:40,ETHUSDT,bid,1960,5284.406
2024-09-05 09:25:40,ETHUSDT,bid,1960,5284.304
2024-09-05 09:30:36,ETHUSDT,bid,2330,4582.452
2024-09-05 09:31:25,ETHUSDT,bid,2330,4582.409
2024-09-05 09:31:30,ETHUSDT,bid,1960,5284.304
2024-09-05 09:31:30,ETHUSDT,bid,1960,5284.406
2024-09-05 09:31:30,ETHUSDT,bid,1960,5284.304
2024-09-05 09:31:41,ETHUSDT,bid,1960,5284.304
2024-09-05 09:31:42,ETHUSDT,bid,1960,5284.406
2024-09-05 09:31:42,ETHUSDT,bid,1960,5284.304
2024-09-05 09:32:36,ETHUSDT,bid,2200,4541.208
2024-09-05 09:32:37,ETHUSDT,bid,2200,4541.218
2024-09-05 09:32:40,ETHUSDT,bid,2200,4541.228
2024-09-05 09:32:45,ETHUSDT,bid,2200,4541.218
2024-09-05 09:32:46,ETHUSDT,bid,2200,4541.208
2024-09-05 09:32:49,ETHUSDT,bid,2200,4541.198
2024-09-05 09:32:59,ETHUSDT,bid,1960,5284.352
2024-09-05 09:32:59,ETHUSDT,bid,1960,5284.304
2024-09-05 09:33:21,ETHUSDT,bid,2140,4945.378
2024-09-05 09:36:37,ETHUSDT,bid,2330,4581.367
2024-09-05 09:36:47,ETHUSDT,bid,2330,4579.367
2024-09-05 09:39:23,ETHUSDT,bid,2330,4579.382
2024-09-05 09:43:57,ETHUSDT,bid,1960,5284.406
2024-09-05 09:43:57,ETHUSDT,bid,1960,5284.304
2024-09-05 09:43:58,ETHUSDT,bid,1960,5284.406
2024-09-05 09:43:58,ETHUSDT,bid,1960,5284.304
2024-09-05 09:43:59,ETHUSDT,bid,1960,5284.406
2024-09-05 09:43:59,ETHUSDT,bid,1960,5284.304
2024-09-05 09:44:00,ETHUSDT,bid,1960,5284.304
2024-09-05 09:44:01,ETHUSDT,bid,1960,5284.304
2024-09-05 09:44:02,ETHUSDT,bid,1960,5284.406
2024-09-05 09:44:02,ETHUSDT,bid,1960,5284.304
2024-09-05 09:44:03,ETHUSDT,bid,1960,5284.304
2024-09-05 09:44:04,ETHUSDT,bid,1960,5284.406
2024-09-05 09:44:04,ETHUSDT,bid,1960,5284.304
2024-09-05 09:44:06,ETHUSDT,bid,1960,5284.304
2024-09-05 09:45:30,ETHUSDT,bid,2330,4579.448
2024-09-05 09:46:26,ETHUSDT,bid,2330,4579.382
2024-09-05 09:47:50,ETHUSDT,bid,2200,4626.57
2024-09-05 09:47:59,ETHUSDT,bid,2200,4626.56
2024-09-05 09:48:14,ETHUSDT,bid,2200,4626.57
2024-09-05 09:48:14,ETHUSDT,bid,2200,4626.58
2024-09-05 09:48:14,ETHUSDT,bid,2200,4626.58
2024-09-05 09:48:14,ETHUSDT,bid,2200,4626.59
2024-09-05 09:48:19,ETHUSDT,bid,2330,4579.448
2024-09-05 09:48:22,ETHUSDT,bid,2200,4626.58
2024-09-05 09:48:36,ETHUSDT,bid,2200,4626.57
2024-09-05 09:49:02,ETHUSDT,bid,2200,4626.56
2024-09-05 09:49:04,ETHUSDT,bid,2200,4626.55
2024-09-05 09:53:54,ETHUSDT,bid,2200,6497.873
2024-09-05 09:53:54,ETHUSDT,bid,2200,6497.883
2024-09-05 09:53:55,ETHUSDT,bid,2200,6497.883
2024-09-05 09:53:55,ETHUSDT,bid,2200,6497.893
2024-09-05 09:53:56,ETHUSDT,bid,2200,6497.903
2024-09-05 09:53:56,ETHUSDT,bid,2200,6497.903
2024-09-05 09:53:56,ETHUSDT,bid,2200,6497.913
2024-09-05 09:53:56,ETHUSDT,bid,2200,6497.941
2024-09-05 09:53:57,ETHUSDT,bid,2200,6497.959
2024-09-05 09:53:57,ETHUSDT,bid,2200,6497.959
2024-09-05 09:53:57,ETHUSDT,bid,2200,6497.969
2024-09-05 09:53:58,ETHUSDT,bid,2200,6497.979
2024-09-05 09:53:58,ETHUSDT,bid,2200,6497.979
2024-09-05 09:53:59,ETHUSDT,bid,2200,6497.997
2024-09-05 09:53:59,ETHUSDT,bid,2200,6498.007
2024-09-05 09:54:03,ETHUSDT,bid,2200,6497.997
2024-09-05 09:54:05,ETHUSDT,bid,2200,6497.987
2024-09-05 09:54:05,ETHUSDT,bid,2200,6497.977
2024-09-05 09:54:08,ETHUSDT,bid,2200,6497.967
2024-09-05 09:54:36,ETHUSDT,bid,2200,6497.957
2024-09-05 09:54:36,ETHUSDT,bid,2200,6497.947
2024-09-05 09:54:36,ETHUSDT,bid,2200,6497.937
2024-09-05 09:54:37,ETHUSDT,bid,2200,6497.927
2024-09-05 09:54:37,ETHUSDT,bid,2200,6497.917
2024-09-05 09:59:01,ETHUSDT,bid,2330,4579.234
2024-09-05 10:00:27,ETHUSDT,bid,2220,4518.111
2024-09-05 10:03:57,ETHUSDT,bid,2200,6497.899
2024-09-05 10:03:57,ETHUSDT,bid,2200,6497.881
2024-09-05 10:03:59,ETHUSDT,bid,2200,6497.863
2024-09-05 10:07:01,ETHUSDT,bid,1960,5323.157
2024-09-05 10:07:03,ETHUSDT,bid,1700,6032.755
2024-09-05 10:08:08,ETHUSDT,ask,2670,3797.314
2024-09-05 10:08:10,ETHUSDT,bid,2330,4578.803
2024-09-05 10:08:23,ETHUSDT,bid,2330,4606.031
2024-09-05 10:08:50,ETHUSDT,bid,2330,4605.915
2024-09-05 10:09:57,ETHUSDT,bid,2330,4605.9
2024-09-05 10:10:13,ETHUSDT,bid,2330,4606.758
2024-09-05 10:11:00,ETHUSDT,bid,2330,4607.008
2024-09-05 10:11:00,ETHUSDT,bid,2330,4607.019
2024-09-05 10:11:07,ETHUSDT,bid,2330,4607.004
2024-09-05 10:11:17,ETHUSDT,bid,2330,4607.067
2024-09-05 10:11:29,ETHUSDT,bid,2330,4606.638
2024-09-05 10:11:34,ETHUSDT,bid,2330,4606.585
2024-09-05 10:11:48,ETHUSDT,bid,2330,4606.795
2024-09-05 10:12:01,ETHUSDT,bid,2330,4607.295
2024-09-05 10:12:28,ETHUSDT,bid,2330,4607.429
2024-09-05 10:14:06,ETHUSDT,bid,2330,4610.429
2024-09-05 10:14:13,ETHUSDT,bid,2330,4610.295
2024-09-05 10:15:36,ETHUSDT,bid,2330,4613.295
2024-09-05 10:16:04,ETHUSDT,bid,2330,4613.546
2024-09-05 10:16:23,ETHUSDT,bid,2330,4615.546
2024-09-05 10:16:28,ETHUSDT,bid,2330,4615.346
2024-09-05 10:16:42,ETHUSDT,bid,2330,4616.633
2024-09-05 10:16:43,ETHUSDT,bid,2330,4614.633
2024-09-05 10:16:50,ETHUSDT,bid,2210,4525.461
2024-09-05 10:17:25,ETHUSDT,bid,2330,4623.333
2024-09-05 10:22:26,ETHUSDT,bid,2330,4625.325
2024-09-05 10:22:31,ETHUSDT,bid,2330,4624.682
2024-09-05 10:22:38,ETHUSDT,bid,2330,4625.356
2024-09-05 10:22:48,ETHUSDT,bid,2330,4625.498
2024-09-05 10:22:48,ETHUSDT,ask,2670,3797.438
2024-09-05 10:22:58,ETHUSDT,bid,2330,4625.712
2024-09-05 10:23:51,ETHUSDT,bid,2140,4945.424
2024-09-05 10:24:09,ETHUSDT,bid,2330,4626.062
2024-09-05 10:24:55,ETHUSDT,ask,2650,3802.405
2024-09-05 10:24:56,ETHUSDT,ask,2650,3802.415
2024-09-05 10:24:56,ETHUSDT,ask,2650,3802.425
2024-09-05 10:24:57,ETHUSDT,ask,2650,3802.435
2024-09-05 10:24:57,ETHUSDT,ask,2650,3802.443
2024-09-05 10:24:57,ETHUSDT,ask,2650,3802.453
2024-09-05 10:25:01,ETHUSDT,bid,2210,4526.461
2024-09-05 10:25:05,ETHUSDT,bid,2330,4625.962
2024-09-05 10:25:05,ETHUSDT,ask,2650,3802.445
2024-09-05 10:25:31,ETHUSDT,ask,2650,3802.435
2024-09-05 10:25:31,ETHUSDT,ask,2650,3802.425
2024-09-05 10:25:32,ETHUSDT,ask,2650,3802.415
2024-09-05 10:25:33,ETHUSDT,ask,2650,3802.405
2024-09-05 10:26:01,ETHUSDT,bid,2330,4626.687
2024-09-05 10:27:27,ETHUSDT,bid,2140,4945.666
2024-09-05 10:27:48,ETHUSDT,bid,2330,4624.756
2024-09-05 10:28:02,ETHUSDT,bid,2330,4624.97
2024-09-05 10:28:40,ETHUSDT,bid,2200,4628.05
2024-09-05 10:29:24,ETHUSDT,bid,2330,4625.36
2024-09-05 10:29:27,ETHUSDT,bid,2330,4625.74
2024-09-05 10:29:46,ETHUSDT,bid,2140,4945.424
2024-09-05 10:29:51,ETHUSDT,bid,2250,4500.221
2024-09-05 10:31:03,ETHUSDT,bid,2200,4541.262
2024-09-05 10:32:32,ETHUSDT,bid,1960,5284.304
2024-09-05 10:32:56,ETHUSDT,bid,2330,4625.526
2024-09-05 10:33:08,ETHUSDT,bid,2330,4625.316
2024-09-05 10:33:13,ETHUSDT,bid,2330,4625.336
2024-09-05 10:34:57,ETHUSDT,bid,2330,4625.327
2024-09-05 10:38:16,ETHUSDT,bid,2330,4625.534
2024-09-05 10:38:51,ETHUSDT,bid,2210,4527.061
2024-09-05 10:39:11,ETHUSDT,bid,2070,9669.481
2024-09-05 10:40:14,ETHUSDT,bid,2330,4623.534
2024-09-05 10:40:32,ETHUSDT,bid,2330,4625.534
2024-09-05 10:40:39,ETHUSDT,bid,2330,4625.663
2024-09-05 10:42:08,ETHUSDT,bid,2200,4626.05
2024-09-05 10:43:11,ETHUSDT,bid,2330,4627.663
2024-09-05 10:44:51,ETHUSDT,bid,2330,4627.653
2024-09-05 10:45:20,ETHUSDT,bid,2230,4494.273
2024-09-05 10:46:18,ETHUSDT,bid,2330,4627.709
2024-09-05 10:46:54,ETHUSDT,bid,2330,4629.639
2024-09-05 10:47:31,ETHUSDT,bid,2330,4627.709
2024-09-05 10:48:43,ETHUSDT,bid,2200,4624.55
2024-09-05 10:49:45,ETHUSDT,bid,2330,4627.719
2024-09-05 10:49:55,ETHUSDT,bid,2330,4627.907
2024-09-05 10:49:57,ETHUSDT,bid,2040,9806.411
2024-09-05 10:49:58,ETHUSDT,bid,2330,4630.257
2024-09-05 10:50:32,ETHUSDT,bid,2330,4630.157
2024-09-05 10:51:34,ETHUSDT,bid,2330,4630.277
2024-09-05 10:51:47,ETHUSDT,bid,2330,4634.624
2024-09-05 10:52:25,ETHUSDT,bid,2330,4635.064
2024-09-05 10:54:45,ETHUSDT,bid,2330,4635.073
2024-09-05 10:55:28,ETHUSDT,bid,2330,4634.671
2024-09-05 10:55:29,ETHUSDT,bid,2220,4518.061
2024-09-05 10:57:16,ETHUSDT,bid,2330,4634.464
2024-09-05 10:57:24,ETHUSDT,bid,1960,5263.896
2024-09-05 10:57:40,ETHUSDT,bid,2330,4630.117
2024-09-05 10:58:07,ETHUSDT,bid,2330,4630.126
2024-09-05 10:58:14,ETHUSDT,bid,2330,4630.044
2024-09-05 10:59:15,ETHUSDT,bid,2330,4630.322
2024-09-05 11:00:30,ETHUSDT,bid,2330,4630.331
2024-09-05 11:01:22,ETHUSDT,bid,2330,4630.438
2024-09-05 11:01:57,ETHUSDT,bid,2330,4630.688
2024-09-05 11:02:20,ETHUSDT,bid,2330,4628.688
2024-09-05 11:02:24,ETHUSDT,bid,2330,4630.688
2024-09-05 11:02:28,ETHUSDT,bid,2330,4630.568
2024-09-05 11:03:09,ETHUSDT,bid,2330,4630.726
2024-09-05 11:04:11,ETHUSDT,ask,3040,3301.773
2024-09-05 11:07:23,ETHUSDT,bid,2330,4630.746
2024-09-05 11:07:32,ETHUSDT,ask,2670,3797.402
2024-09-05 11:07:52,ETHUSDT,bid,2330,4632.765
2024-09-05 11:10:22,ETHUSDT,bid,2200,6498.146
2024-09-05 11:11:27,ETHUSDT,bid,2330,4632.891
2024-09-05 11:11:38,ETHUSDT,bid,2330,4715.487
2024-09-05 11:12:44,ETHUSDT,bid,2210,4527.145
2024-09-05 11:12:46,ETHUSDT,bid,2330,4715.299
2024-09-05 11:15:46,ETHUSDT,bid,2330,4715.308
2024-09-05 11:20:43,ETHUSDT,bid,2330,4715.436
2024-09-05 11:20:45,ETHUSDT,bid,2330,4715.416
2024-09-05 11:21:20,ETHUSDT,bid,2330,4713.166
2024-09-05 11:21:46,ETHUSDT,bid,2330,4713.931
2024-09-05 11:22:14,ETHUSDT,bid,2330,4714.875
2024-09-05 11:22:59,ETHUSDT,bid,1700,6039.191
2024-09-05 11:24:35,ETHUSDT,bid,2330,4715.461
2024-09-05 11:26:09,ETHUSDT,bid,2330,4728.336
2024-09-05 11:28:43,ETHUSDT,bid,2330,4728.362
2024-09-05 11:29:54,ETHUSDT,bid,2330,4728.404
2024-09-05 11:34:12,ETHUSDT,bid,2070,9669.315
2024-09-05 11:35:53,ETHUSDT,bid,2330,4728.831
2024-09-05 11:36:47,ETHUSDT,bid,2330,4731.552
2024-09-05 11:37:41,ETHUSDT,bid,2330,4731.617
2024-09-05 11:37:55,ETHUSDT,bid,2330,4731.644
2024-09-05 11:38:24,ETHUSDT,bid,1700,6039.203
2024-09-05 11:38:32,ETHUSDT,bid,2330,4718.769
2024-09-05 11:39:14,ETHUSDT,bid,1700,6038.877
2024-09-05 11:39:14,ETHUSDT,ask,2590,5827.288
2024-09-05 11:39:22,ETHUSDT,bid,2330,4691.541
2024-09-05 11:39:59,ETHUSDT,bid,2330,4691.753
2024-09-05 11:42:09,ETHUSDT,bid,2330,4694.322
2024-09-05 11:42:31,ETHUSDT,bid,2330,4697.376
2024-09-05 11:46:29,ETHUSDT,bid,2330,4697.026
2024-09-05 11:48:50,ETHUSDT,bid,2330,4697.071
2024-09-05 11:49:30,ETHUSDT,bid,2330,4700.074
2024-09-05 11:50:36,ETHUSDT,bid,1960,5263.566
2024-09-05 11:51:49,ETHUSDT,bid,2330,4700.084
2024-09-05 11:55:40,ETHUSDT,bid,2330,4700.112
2024-09-05 11:57:21,ETHUSDT,bid,2140,4945.797
2024-09-05 11:57:57,ETHUSDT,bid,2040,9807.411
2024-09-05 12:01:13,ETHUSDT,bid,2330,4700.197
2024-09-05 12:02:26,ETHUSDT,bid,2140,4945.807
2024-09-05 12:02:26,ETHUSDT,bid,2040,9807.597
2024-09-05 12:04:06,ETHUSDT,bid,2330,4700.697
2024-09-05 12:04:20,ETHUSDT,bid,2330,4695.043
2024-09-05 12:04:47,ETHUSDT,bid,2330,4694.936
2024-09-05 12:05:09,ETHUSDT,bid,2330,4694.95
2024-09-05 12:07:39,ETHUSDT,bid,2330,4695.95
2024-09-05 12:07:47,ETHUSDT,bid,2330,4694.95
2024-09-05 12:09:24,ETHUSDT,bid,2330,4694.847
2024-09-05 12:10:05,ETHUSDT,bid,2330,4694.859
2024-09-05 12:11:03,ETHUSDT,bid,2040,9801.733
2024-09-05 12:11:14,ETHUSDT,ask,2670,4133.681
2024-09-05 12:11:19,ETHUSDT,bid,2330,4694.85
2024-09-05 12:11:45,ETHUSDT,bid,2330,4694.838
2024-09-05 12:11:56,ETHUSDT,ask,2670,4133.653
2024-09-05 12:13:09,ETHUSDT,bid,1700,6037.877
2024-09-05 12:13:17,ETHUSDT,bid,2200,4629.55
2024-09-05 12:14:49,ETHUSDT,bid,1700,6031.441
2024-09-05 12:17:30,ETHUSDT,bid,2330,4695.838
2024-09-05 12:18:03,ETHUSDT,bid,2330,4695.98
2024-09-05 12:18:47,ETHUSDT,bid,2330,4696.881
2024-09-05 12:23:15,ETHUSDT,bid,2140,4945.702
2024-09-05 12:24:03,ETHUSDT,bid,2330,4696.491
2024-09-05 12:27:12,ETHUSDT,bid,2200,4630.944
2024-09-05 12:28:04,ETHUSDT,bid,2330,4696.501
2024-09-05 12:29:41,ETHUSDT,bid,2210,4528.018
2024-09-05 12:33:05,ETHUSDT,bid,2330,4696.343
2024-09-05 12:33:05,ETHUSDT,bid,2030,5037.247
2024-09-05 12:33:06,ETHUSDT,bid,1960,5260.868
2024-09-05 12:33:37,ETHUSDT,bid,2200,4541.248
2024-09-05 12:33:38,ETHUSDT,bid,2210,4528.004
2024-09-05 12:33:39,ETHUSDT,bid,2220,4504.77
2024-09-05 12:35:59,ETHUSDT,bid,1940,5161.525
2024-09-05 12:37:16,ETHUSDT,bid,2330,4696.327
2024-09-05 12:39:05,ETHUSDT,bid,2330,4695.698
2024-09-05 12:40:44,ETHUSDT,bid,2200,4550.944
2024-09-05 12:42:10,ETHUSDT,ask,241000,80.0
2024-09-05 12:44:31,ETHUSDT,bid,2330,4694.653
2024-09-05 12:45:20,ETHUSDT,bid,2070,9669.341
2024-09-05 12:47:04,ETHUSDT,bid,2330,4694.753
2024-09-05 12:47:09,ETHUSDT,bid,2330,4695.753
2024-09-05 12:54:30,ETHUSDT,bid,2070,4819.328
2024-09-05 12:58:54,ETHUSDT,bid,2330,4695.502
2024-09-05 13:00:38,ETHUSDT,bid,2330,4695.292
2024-09-05 13:01:50,ETHUSDT,bid,2330,4695.104
2024-09-05 13:02:25,ETHUSDT,bid,2210,4528.03
2024-09-05 13:07:46,ETHUSDT,bid,2330,4705.853
2024-09-05 13:08:49,ETHUSDT,bid,2250,4500.223
2024-09-05 13:11:39,ETHUSDT,bid,2140,4945.895
2024-09-05 13:14:35,ETHUSDT,bid,2330,4705.998
2024-09-05 13:17:35,ETHUSDT,bid,2330,4705.96
2024-09-05 13:17:48,ETHUSDT,bid,2330,4706.812
2024-09-05 13:17:58,ETHUSDT,bid,2330,4706.833
2024-09-05 13:18:22,ETHUSDT,bid,2250,4506.819
2024-09-05 13:19:20,ETHUSDT,bid,2330,4706.892
2024-09-05 13:19:24,ETHUSDT,bid,2330,4719.766
2024-09-05 13:21:43,ETHUSDT,bid,2330,4719.859
2024-09-05 13:21:50,ETHUSDT,bid,2330,4719.877
2024-09-05 13:22:35,ETHUSDT,bid,2330,4732.377
2024-09-05 13:23:39,ETHUSDT,bid,2330,4731.312
2024-09-05 13:23:40,ETHUSDT,bid,2330,4730.315
2024-09-05 13:24:07,ETHUSDT,bid,2140,9425.632
2024-09-05 13:24:09,ETHUSDT,bid,1960,5299.111
2024-09-05 13:24:12,ETHUSDT,bid,2140,9425.622
2024-09-05 13:24:12,ETHUSDT,bid,2330,4729.963
2024-09-05 13:24:32,ETHUSDT,bid,2330,4730.167
2024-09-05 13:24:41,ETHUSDT,bid,2330,4729.442
2024-09-05 13:24:54,ETHUSDT,bid,2330,4729.454
2024-09-05 13:24:55,ETHUSDT,bid,2330,4728.454
2024-09-05 13:24:56,ETHUSDT,bid,2330,4729.454
2024-09-05 13:25:02,ETHUSDT,bid,2140,4945.905
2024-09-05 13:25:05,ETHUSDT,bid,2140,4945.895
2024-09-05 13:25:28,ETHUSDT,bid,2330,4732.029
2024-09-05 13:25:29,ETHUSDT,bid,2330,4732.019
2024-09-05 13:25:34,ETHUSDT,bid,2330,4732.337
2024-09-05 13:25:48,ETHUSDT,bid,2330,4732.737
2024-09-05 13:25:51,ETHUSDT,bid,2330,4734.215
2024-09-05 13:25:51,ETHUSDT,bid,2330,4734.15
2024-09-05 13:25:54,ETHUSDT,bid,2330,4734.159
2024-09-05 13:25:59,ETHUSDT,bid,2330,4735.602
2024-09-05 13:26:17,ETHUSDT,bid,2330,4733.322
2024-09-05 13:26:24,ETHUSDT,bid,2330,4733.522
2024-09-05 13:26:50,ETHUSDT,bid,2330,4741.522
2024-09-05 13:27:44,ETHUSDT,bid,1960,5301.599
2024-09-05 13:27:52,ETHUSDT,bid,2330,4741.846
2024-09-05 13:28:00,ETHUSDT,bid,1700,6031.473
2024-09-05 13:28:00,ETHUSDT,bid,2070,9669.367
2024-09-05 13:28:11,ETHUSDT,bid,2330,4742.146
2024-09-05 13:28:28,ETHUSDT,bid,2330,4742.246
2024-09-05 13:29:01,ETHUSDT,ask,2670,3797.286
2024-09-05 13:29:32,ETHUSDT,bid,2330,4742.266
2024-09-05 13:30:09,ETHUSDT,bid,2330,4740.823
2024-09-05 13:30:24,ETHUSDT,bid,2330,4740.838
2024-09-05 13:30:43,ETHUSDT,bid,2330,4740.164
2024-09-05 13:31:07,ETHUSDT,bid,2330,4741.164
2024-09-05 13:31:10,ETHUSDT,bid,2140,4946.346
2024-09-05 13:31:27,ETHUSDT,bid,2330,4742.164
2024-09-05 13:31:52,ETHUSDT,bid,2330,4737.885
2024-09-05 13:32:12,ETHUSDT,bid,2330,4737.826
2024-09-05 13:32:27,ETHUSDT,bid,2330,4738.383
2024-09-05 13:33:00,ETHUSDT,bid,2330,4738.483
2024-09-05 13:33:39,ETHUSDT,bid,2140,9425.656
2024-09-05 13:33:46,ETHUSDT,ask,2670,3797.238
2024-09-05 13:34:36,ETHUSDT,bid,2330,4738.517
2024-09-05 13:36:02,ETHUSDT,bid,2330,4738.461
2024-09-05 13:36:27,ETHUSDT,bid,2330,4738.546
2024-09-05 13:36:38,ETHUSDT,bid,2330,4740.546
2024-09-05 13:36:47,ETHUSDT,bid,2330,4745.44
2024-09-05 13:37:13,ETHUSDT,bid,2330,4744.44
2024-09-05 13:37:58,ETHUSDT,bid,2330,4757.315
2024-09-05 13:38:32,ETHUSDT,bid,2200,4541.191
2024-09-05 13:38:34,ETHUSDT,bid,2210,4527.985
2024-09-05 13:38:38,ETHUSDT,ask,2590,5827.472
2024-09-05 13:38:40,ETHUSDT,bid,1700,6031.485
2024-09-05 13:38:43,ETHUSDT,bid,2330,4757.815
2024-09-05 13:38:43,ETHUSDT,bid,2330,4756.815
2024-09-05 13:39:48,ETHUSDT,bid,2330,4746.815
2024-09-05 13:39:59,ETHUSDT,bid,2330,4747.315
2024-09-05 13:40:23,ETHUSDT,bid,2330,4747.23
2024-09-05 13:40:28,ETHUSDT,bid,2330,4747.42
2024-09-05 13:40:31,ETHUSDT,bid,2330,4747.591
2024-09-05 13:41:04,ETHUSDT,bid,2330,4747.848
2024-09-05 13:41:12,ETHUSDT,bid,2330,4747.755
2024-09-05 13:41:23,ETHUSDT,bid,2330,4747.764
2024-09-05 13:42:27,ETHUSDT,bid,2330,4748.037
2024-09-05 13:43:37,ETHUSDT,bid,2330,4748.064
2024-09-05 13:45:03,ETHUSDT,bid,2330,4748.921
2024-09-05 13:45:30,ETHUSDT,bid,2330,4749.292
2024-09-05 13:46:22,ETHUSDT,bid,2330,4741.292
2024-09-05 13:47:48,ETHUSDT,bid,2330,4741.312
2024-09-05 13:49:26,ETHUSDT,bid,1960,5263.356
2024-09-05 13:51:11,ETHUSDT,bid,2330,4741.321
2024-09-05 13:57:15,ETHUSDT,bid,2330,4751.3
2024-09-05 13:57:22,ETHUSDT,bid,2330,4751.518
2024-09-05 13:59:00,ETHUSDT,bid,2330,4757.955
2024-09-05 13:59:30,ETHUSDT,bid,2330,4758.073
2024-09-05 14:00:02,ETHUSDT,bid,2200,4541.309
2024-09-05 14:01:24,ETHUSDT,bid,2330,4759.073
2024-09-05 14:01:38,ETHUSDT,bid,2330,4759.176
2024-09-05 14:02:06,ETHUSDT,bid,2330,4759.073
2024-09-05 14:02:13,ETHUSDT,bid,2330,4759.244
2024-09-05 14:02:20,ETHUSDT,bid,2330,4676.648
2024-09-05 14:03:19,ETHUSDT,bid,1960,5269.926
2024-09-05 14:04:42,ETHUSDT,bid,2330,4676.612
2024-09-05 14:07:02,ETHUSDT,bid,2330,4675.612
2024-09-05 14:10:28,ETHUSDT,bid,2330,4675.692
2024-09-05 14:11:58,ETHUSDT,bid,2330,4675.521
2024-09-05 14:12:00,ETHUSDT,bid,2330,4665.542
2024-09-05 14:12:33,ETHUSDT,bid,2140,4946.153
2024-09-05 14:12:35,ETHUSDT,bid,2200,4550.929
2024-09-05 14:12:35,ETHUSDT,bid,2220,4504.755
2024-09-05 14:13:41,ETHUSDT,bid,2330,4663.523
2024-09-05 14:14:53,ETHUSDT,bid,2330,4663.333
2024-09-05 14:15:09,ETHUSDT,bid,1700,6031.453
2024-09-05 14:16:56,ETHUSDT,bid,2330,4660.758
2024-09-05 14:17:03,ETHUSDT,bid,2330,4661.187
2024-09-05 14:18:31,ETHUSDT,bid,2200,4551.929
2024-09-05 14:18:33,ETHUSDT,bid,2330,4662.044
2024-09-05 14:19:21,ETHUSDT,bid,2330,4661.918
2024-09-05 14:19:31,ETHUSDT,bid,2330,4662.089
2024-09-05 14:19:49,ETHUSDT,bid,2330,4662.069
2024-09-05 14:21:14,ETHUSDT,bid,2330,4662.252
2024-09-05 14:21:23,ETHUSDT,bid,2330,4661.322
2024-09-05 14:22:43,ETHUSDT,bid,2330,4661.288
2024-09-05 14:25:51,ETHUSDT,bid,2330,4660.436
2024-09-05 14:26:21,ETHUSDT,bid,2330,4659.936
2024-09-05 14:26:32,ETHUSDT,bid,2210,4527.605
2024-09-05 14:27:49,ETHUSDT,bid,2330,4658.936
2024-09-05 14:33:59,ETHUSDT,bid,2330,4659.029
2024-09-05 14:36:32,ETHUSDT,bid,2330,4659.08
2024-09-05 14:36:39,ETHUSDT,bid,2330,4659.049
2024-09-05 14:39:45,ETHUSDT,bid,1960,5270.426
2024-09-05 14:40:02,ETHUSDT,bid,2330,4659.039
2024-09-05 14:40:35,ETHUSDT,bid,2330,4659.221
2024-09-05 14:41:48,ETHUSDT,bid,2200,4545.613
2024-09-05 14:41:50,ETHUSDT,bid,2200,4541.309
2024-09-05 14:42:23,ETHUSDT,bid,2200,4545.613
2024-09-05 14:43:00,ETHUSDT,bid,2330,4660.079
2024-09-05 14:43:00,ETHUSDT,bid,2330,4662.579
2024-09-05 14:45:44,ETHUSDT,bid,2330,4663.179
2024-09-05 14:45:51,ETHUSDT,bid,2330,4663.447
2024-09-05 14:45:54,ETHUSDT,bid,2330,4663.413
2024-09-05 14:46:44,ETHUSDT,bid,2330,4662.913
2024-09-05 14:48:30,ETHUSDT,bid,2330,4664.341
2024-09-05 14:48:55,ETHUSDT,bid,2330,4659.447
2024-09-05 14:49:35,ETHUSDT,bid,2330,4659.46
2024-09-05 14:50:12,ETHUSDT,bid,2140,9425.678
2024-09-05 14:51:13,ETHUSDT,bid,2330,4656.96
2024-09-05 14:52:17,ETHUSDT,bid,2140,4946.856
2024-09-05 14:53:14,ETHUSDT,bid,2140,4948.639
2024-09-05 14:53:16,ETHUSDT,bid,2140,4947.936
2024-09-05 14:53:20,ETHUSDT,bid,2140,4950.413
2024-09-05 14:53:35,ETHUSDT,bid,2140,4951.658
2024-09-05 14:54:13,ETHUSDT,bid,2140,4949.875
2024-09-05 14:54:19,ETHUSDT,bid,2140,4947.398
2024-09-05 14:54:35,ETHUSDT,bid,2140,4946.153
2024-09-05 14:55:37,ETHUSDT,bid,2330,4656.789
2024-09-05 14:55:58,ETHUSDT,bid,2330,4657.09
2024-09-05 14:56:13,ETHUSDT,bid,2220,4507.755
2024-09-05 14:56:38,ETHUSDT,bid,2220,4505.755
2024-09-05 14:56:45,ETHUSDT,bid,2220,4506.755
2024-09-05 14:57:42,ETHUSDT,bid,2220,4509.755
2024-09-05 14:59:03,ETHUSDT,ask,2670,4133.663
2024-09-05 14:59:05,ETHUSDT,bid,1700,6032.448
2024-09-05 15:00:00,ETHUSDT,bid,2200,4545.495
2024-09-05 15:00:08,ETHUSDT,bid,2330,4655.09
2024-09-05 15:00:13,ETHUSDT,bid,2330,4659.558
2024-09-05 15:00:14,ETHUSDT,bid,2330,4659.416
2024-09-05 15:01:59,ETHUSDT,bid,2330,4659.115
2024-09-05 15:02:43,ETHUSDT,bid,2330,4659.102
2024-09-05 15:03:22,ETHUSDT,bid,1950,5128.159
2024-09-05 15:03:49,ETHUSDT,bid,2330,4654.634
2024-09-05 15:04:23,ETHUSDT,bid,2070,9669.397
2024-09-05 15:04:24,ETHUSDT,bid,1700,6031.39
2024-09-05 15:04:25,ETHUSDT,bid,2330,4654.935
2024-09-05 15:05:23,ETHUSDT,bid,2070,9669.367
2024-09-05 15:06:19,ETHUSDT,bid,2330,4662.874
2024-09-05 15:07:24,ETHUSDT,bid,2330,4663.085
2024-09-05 15:09:53,ETHUSDT,bid,2330,4663.179
2024-09-05 15:10:28,ETHUSDT,bid,2200,4550.929
2024-09-05 15:14:50,ETHUSDT,ask,2670,4133.692
2024-09-05 15:16:27,ETHUSDT,ask,2670,4133.663
2024-09-05 15:17:58,ETHUSDT,bid,2330,4663.2
2024-09-05 15:18:16,ETHUSDT,bid,2330,4659.982
2024-09-05 15:18:31,ETHUSDT,bid,2330,4660.082
2024-09-05 15:21:57,ETHUSDT,bid,2330,4659.864
2024-09-05 15:24:15,ETHUSDT,bid,2330,4659.892
2024-09-05 15:25:26,ETHUSDT,bid,2330,4660.17
2024-09-05 15:27:09,ETHUSDT,ask,2590,5827.497
2024-09-05 15:28:01,ETHUSDT,bid,2250,4506.854
2024-09-05 15:33:06,ETHUSDT,bid,2330,4657.82
2024-09-05 15:33:27,ETHUSDT,bid,2330,4658.32
2024-09-05 15:34:02,ETHUSDT,bid,2330,4658.505
2024-09-05 15:35:05,ETHUSDT,bid,2330,4658.638
2024-09-05 15:35:37,ETHUSDT,bid,2330,4658.61
2024-09-05 15:35:54,ETHUSDT,bid,2330,4663.523
2024-09-05 15:39:12,ETHUSDT,bid,2330,4660.469
2024-09-05 15:39:27,ETHUSDT,bid,2330,4661.756
2024-09-05 15:39:38,ETHUSDT,ask,2670,3797.321
2024-09-05 15:40:18,ETHUSDT,bid,2330,4660.469
2024-09-05 15:40:29,ETHUSDT,bid,1960,5309.097
2024-09-05 15:40:34,ETHUSDT,bid,2330,4660.419
2024-09-05 15:42:31,ETHUSDT,bid,2330,4659.819
2024-09-05 15:43:04,ETHUSDT,bid,2140,9465.678
2024-09-05 15:45:28,ETHUSDT,bid,2330,4657.827
2024-09-05 15:47:34,ETHUSDT,bid,2140,4948.184
2024-09-05 15:48:25,ETHUSDT,bid,2140,4948.858
2024-09-05 15:48:33,ETHUSDT,bid,2140,4946.827
2024-09-05 15:48:43,ETHUSDT,bid,2330,4657.846
2024-09-05 15:48:46,ETHUSDT,bid,1700,6031.423
2024-09-05 15:48:47,ETHUSDT,bid,2140,4947.504
2024-09-05 15:49:14,ETHUSDT,bid,2140,4950.305
2024-09-05 15:49:20,ETHUSDT,bid,2330,4659.133
2024-09-05 15:49:25,ETHUSDT,bid,2140,4949.631
2024-09-05 15:49:47,ETHUSDT,bid,2140,4948.954
2024-09-05 15:50:14,ETHUSDT,bid,2140,4946.153
2024-09-05 15:50:43,ETHUSDT,bid,2330,4663.452
2024-09-05 15:51:16,ETHUSDT,bid,2140,4947.324
2024-09-05 15:51:16,ETHUSDT,bid,2140,4947.301
2024-09-05 15:51:57,ETHUSDT,bid,1700,6030.428
2024-09-05 15:52:15,ETHUSDT,bid,2140,4946.807
2024-09-05 15:52:17,ETHUSDT,bid,1960,5309.803
2024-09-05 15:52:56,ETHUSDT,bid,1950,5130.021
2024-09-05 15:53:43,ETHUSDT,bid,2330,4663.516
2024-09-05 15:59:16,ETHUSDT,bid,2330,4663.452
2024-09-05 15:59:23,ETHUSDT,bid,2140,9425.678
2024-09-05 15:59:51,ETHUSDT,bid,2210,4526.605
2024-09-05 16:00:45,ETHUSDT,bid,1700,6033.957
2024-09-05 16:02:12,ETHUSDT,bid,1700,6035.033
2024-09-05 16:02:45,ETHUSDT,bid,2330,4662.687
2024-09-05 16:04:12,ETHUSDT,bid,2140,4948.493
2024-09-05 16:07:36,ETHUSDT,bid,2330,4662.721
2024-09-05 16:07:36,ETHUSDT,bid,2330,4662.687
2024-09-05 16:07:36,ETHUSDT,bid,2330,4662.721
2024-09-05 16:07:36,ETHUSDT,bid,2330,4662.687
2024-09-05 16:07:36,ETHUSDT,bid,2330,4662.721
2024-09-05 16:07:36,ETHUSDT,bid,2330,4662.687
2024-09-05 16:08:11,ETHUSDT,bid,1700,6035.0
2024-09-05 16:11:02,ETHUSDT,bid,2330,4662.187
2024-09-05 16:13:44,ETHUSDT,bid,2330,4663.474
2024-09-05 16:13:56,ETHUSDT,bid,2330,4658.561
2024-09-05 16:14:24,ETHUSDT,bid,2210,4525.732
2024-09-05 16:14:27,ETHUSDT,bid,2210,4526.732
2024-09-05 16:16:29,ETHUSDT,bid,1700,6033.924
2024-09-05 16:19:04,ETHUSDT,bid,1700,6034.988
2024-09-05 16:20:35,ETHUSDT,bid,2330,4659.561
2024-09-05 16:21:38,ETHUSDT,bid,2330,4659.775
2024-09-05 16:21:55,ETHUSDT,bid,2330,4659.903
2024-09-05 16:21:57,ETHUSDT,bid,2330,4660.979
2024-09-05 16:22:26,ETHUSDT,bid,2330,4660.996
2024-09-05 16:23:22,ETHUSDT,bid,2330,4661.532
2024-09-05 16:26:28,ETHUSDT,bid,2330,4661.318
2024-09-05 16:26:55,ETHUSDT,bid,2330,4661.427
2024-09-05 16:27:19,ETHUSDT,bid,1700,6033.924
2024-09-05 16:31:16,ETHUSDT,bid,2210,4527.429
2024-09-05 16:32:55,ETHUSDT,bid,1700,6034.939
2024-09-05 16:39:08,ETHUSDT,bid,2200,6499.155
2024-09-05 16:39:12,ETHUSDT,bid,2200,4546.502
2024-09-05 16:39:18,ETHUSDT,bid,2210,4528.431
2024-09-05 16:39:22,ETHUSDT,bid,2220,4519.061
2024-09-05 16:39:24,ETHUSDT,bid,2220,4510.753
2024-09-05 16:39:27,ETHUSDT,bid,2230,4495.268
2024-09-05 16:39:44,ETHUSDT,bid,2250,4507.692
2024-09-05 16:40:55,ETHUSDT,bid,2200,6499.295
2024-09-05 16:41:35,ETHUSDT,bid,2200,6499.155
2024-09-05 16:41:37,ETHUSDT,bid,2200,6499.332
2024-09-05 16:42:20,ETHUSDT,bid,1960,5271.132
2024-09-05 16:44:05,ETHUSDT,bid,1960,5271.061
2024-09-05 16:54:20,ETHUSDT,bid,2140,4948.447
2024-09-05 16:56:01,ETHUSDT,bid,2250,4507.779
2024-09-05 16:56:36,ETHUSDT,bid,2200,4545.929
2024-09-05 16:57:03,ETHUSDT,bid,2200,6498.832
2024-09-05 16:57:24,ETHUSDT,bid,2210,4527.431
2024-09-05 16:57:24,ETHUSDT,bid,2210,4529.238
2024-09-05 17:01:00,ETHUSDT,bid,2070,9678.367
2024-09-05 17:02:18,ETHUSDT,bid,1960,5270.981
2024-09-05 17:02:18,ETHUSDT,bid,2140,4948.374
2024-09-05 17:02:26,ETHUSDT,bid,2210,4527.431
2024-09-05 17:04:48,ETHUSDT,bid,2200,6498.655
2024-09-05 17:04:51,ETHUSDT,bid,2200,6498.896
2024-09-05 17:13:03,ETHUSDT,bid,2250,4506.779
2024-09-05 17:16:31,ETHUSDT,bid,2230,4495.518
2024-09-05 17:17:19,ETHUSDT,bid,2250,4507.779
2024-09-05 17:17:56,ETHUSDT,ask,2670,3797.337
2024-09-05 17:22:32,ETHUSDT,bid,2140,9425.698
2024-09-05 17:22:51,ETHUSDT,bid,2140,9425.688
2024-09-05 17:22:52,ETHUSDT,bid,2140,9425.678
2024-09-05 17:27:12,ETHUSDT,bid,1960,5309.525
2024-09-05 17:31:55,ETHUSDT,bid,2250,4513.112
2024-09-05 17:32:59,ETHUSDT,bid,2250,4507.779
2024-09-05 17:36:48,ETHUSDT,bid,1700,6033.924
2024-09-05 17:37:54,ETHUSDT,bid,2140,4951.71
2024-09-05 17:42:55,ETHUSDT,bid,1960,5309.56
2024-09-05 17:42:55,ETHUSDT,bid,2140,4951.745
2024-09-05 17:43:28,ETHUSDT,bid,1960,5310.325
2024-09-05 17:43:36,ETHUSDT,bid,2200,4545.948
2024-09-05 17:44:32,ETHUSDT,bid,1960,5271.781
2024-09-05 17:44:54,ETHUSDT,bid,1960,5271.746
2024-09-05 17:44:54,ETHUSDT,bid,2140,4951.71
2024-09-05 17:44:59,ETHUSDT,ask,2670,3797.321
2024-09-05 17:49:35,ETHUSDT,bid,1700,6034.969
2024-09-05 17:50:15,ETHUSDT,bid,2140,4948.374
2024-09-05 17:55:41,ETHUSDT,bid,2210,4527.477
2024-09-05 17:56:59,ETHUSDT,bid,2200,4551.034
2024-09-05 17:57:52,ETHUSDT,bid,2200,4545.929
2024-09-05 18:02:13,ETHUSDT,bid,1700,6033.924
2024-09-05 18:05:27,ETHUSDT,bid,1700,6034.924
2024-09-05 18:07:35,ETHUSDT,bid,1700,6037.865
2024-09-05 18:09:29,ETHUSDT,bid,2210,4527.422
2024-09-05 18:10:44,ETHUSDT,bid,2070,4819.648
2024-09-05 18:12:12,ETHUSDT,ask,2590,5827.313
2024-09-05 18:12:33,ETHUSDT,bid,1700,6037.748
2024-09-05 18:19:21,ETHUSDT,bid,1700,6038.773
2024-09-05 18:23:58,ETHUSDT,bid,2200,4546.029
2024-09-05 18:26:37,ETHUSDT,bid,2250,4516.663
2024-09-05 18:39:29,ETHUSDT,bid,2220,4510.765
2024-09-05 18:41:30,ETHUSDT,bid,1700,6039.36
2024-09-05 18:41:33,ETHUSDT,bid,1700,6038.335
2024-09-05 18:44:44,ETHUSDT,bid,2070,9680.367
2024-09-05 18:45:32,ETHUSDT,bid,1700,6039.377
2024-09-05 18:46:37,ETHUSDT,bid,2140,4948.524
2024-09-05 18:47:10,ETHUSDT,bid,1700,6038.335
2024-09-05 18:49:09,ETHUSDT,bid,1700,6039.378
2024-09-05 18:54:59,ETHUSDT,bid,1700,6038.335
2024-09-05 19:18:21,ETHUSDT,bid,2210,4526.725
2024-09-05 19:20:17,ETHUSDT,bid,2140,4948.534
2024-09-05 19:20:20,ETHUSDT,bid,2140,4948.524
2024-09-05 19:25:15,ETHUSDT,bid,2200,6504.354
2024-09-05 19:26:33,ETHUSDT,bid,2210,4544.775
2024-09-05 19:28:19,ETHUSDT,bid,2220,4518.367
2024-09-05 19:30:17,ETHUSDT,bid,1960,5261.746
2024-09-05 19:30:43,ETHUSDT,bid,2140,4948.545
2024-09-05 19:30:43,ETHUSDT,bid,2210,4544.796
2024-09-05 19:31:17,ETHUSDT,bid,2140,4946.502
2024-09-05 19:38:16,ETHUSDT,bid,2200,4566.464
2024-09-05 19:38:17,ETHUSDT,bid,2200,4546.029
2024-09-05 19:38:18,ETHUSDT,bid,2200,4566.464
2024-09-05 19:38:19,ETHUSDT,bid,2200,4546.029
2024-09-05 19:38:29,ETHUSDT,bid,2200,6505.527
2024-09-05 19:40:14,ETHUSDT,bid,2210,4544.828
2024-09-05 19:40:43,ETHUSDT,bid,2200,6504.354
2024-09-05 19:41:10,ETHUSDT,bid,2140,9425.766
2024-09-05 19:42:00,ETHUSDT,bid,2200,6505.974
2024-09-05 19:42:49,ETHUSDT,bid,1960,5262.236
2024-09-05 19:48:02,ETHUSDT,bid,2030,5055.692
2024-09-05 19:49:32,ETHUSDT,bid,2200,6500.516
2024-09-05 19:49:49,ETHUSDT,bid,2200,6504.554
2024-09-05 19:51:21,ETHUSDT,bid,1960,5263.042
2024-09-05 19:53:49,ETHUSDT,bid,2250,4566.663
2024-09-05 19:54:44,ETHUSDT,bid,2200,6503.545
2024-09-05 19:54:44,ETHUSDT,bid,2200,4550.027
2024-09-05 19:54:44,ETHUSDT,bid,2210,4543.826
2024-09-05 19:54:44,ETHUSDT,bid,2220,4517.367
2024-09-05 19:54:44,ETHUSDT,bid,2220,4509.767
2024-09-05 19:54:44,ETHUSDT,bid,2230,4494.523
2024-09-05 19:54:44,ETHUSDT,bid,2250,4565.825
2024-09-05 19:58:04,ETHUSDT,ask,2590,5826.698
2024-09-05 20:02:18,ETHUSDT,bid,1960,5264.16
2024-09-05 20:03:33,ETHUSDT,ask,2650,3801.643
2024-09-05 20:04:05,ETHUSDT,bid,2200,4551.062
2024-09-05 20:04:09,ETHUSDT,bid,2200,4546.029
2024-09-05 20:04:32,ETHUSDT,bid,2200,4551.348
2024-09-05 20:06:09,ETHUSDT,bid,1960,5263.354
2024-09-05 20:07:11,ETHUSDT,bid,2210,4544.524
2024-09-05 20:10:07,ETHUSDT,bid,2140,4946.548
2024-09-05 20:35:08,ETHUSDT,bid,2210,4526.474
2024-09-05 20:38:38,ETHUSDT,bid,1700,6038.349
2024-09-05 20:38:38,ETHUSDT,bid,1960,5263.368
2024-09-05 20:38:38,ETHUSDT,bid,2140,4946.562
2024-09-05 20:39:41,ETHUSDT,bid,2210,4524.474
2024-09-05 20:40:46,ETHUSDT,bid,2250,4565.738
2024-09-05 20:41:47,ETHUSDT,bid,2040,9800.733
2024-09-05 20:43:47,ETHUSDT,ask,2670,3733.323
2024-09-05 20:44:20,ETHUSDT,ask,2670,4589.852
2024-09-05 20:45:34,ETHUSDT,bid,1960,5262.662
2024-09-05 20:46:33,ETHUSDT,bid,2200,4549.528
2024-09-05 20:49:26,ETHUSDT,bid,2250,4515.738
2024-09-05 20:52:41,ETHUSDT,bid,2140,4946.544
2024-09-05 20:59:18,ETHUSDT,bid,2200,4546.029
2024-09-05 20:59:41,ETHUSDT,ask,2670,3797.271
2024-09-05 21:00:21,ETHUSDT,ask,2590,5826.86
2024-09-05 21:05:25,ETHUSDT,bid,2230,4494.65
2024-09-05 21:09:07,ETHUSDT,bid,2200,6502.545
2024-09-05 21:09:07,ETHUSDT,bid,2250,4514.738
2024-09-05 21:11:01,ETHUSDT,bid,2140,4937.199
2024-09-05 21:11:49,ETHUSDT,ask,2420,5043.883
2024-09-05 21:12:50,ETHUSDT,ask,2420,5043.911
2024-09-05 21:14:24,ETHUSDT,ask,2420,6986.956
2024-09-05 21:16:11,ETHUSDT,ask,2420,6988.956
2024-09-05 21:19:47,ETHUSDT,ask,2420,6988.963
2024-09-05 21:20:23,ETHUSDT,bid,2200,6503.444
2024-09-05 21:21:02,ETHUSDT,bid,2220,4511.788
2024-09-05 21:21:33,ETHUSDT,bid,2140,9426.185
2024-09-05 21:22:46,ETHUSDT,ask,2420,5049.476
2024-09-05 21:24:49,ETHUSDT,ask,2420,5049.558
2024-09-05 21:26:01,ETHUSDT,bid,2140,4942.012
2024-09-05 21:26:51,ETHUSDT,bid,2200,6499.406
2024-09-05 21:28:21,ETHUSDT,ask,2420,5045.276
2024-09-05 21:28:46,ETHUSDT,ask,2420,5045.013
2024-09-05 21:31:28,ETHUSDT,bid,1700,6037.849
2024-09-05 21:31:47,ETHUSDT,bid,2220,4517.456
2024-09-05 21:31:47,ETHUSDT,ask,2590,5826.949
2024-09-05 21:32:29,ETHUSDT,ask,2670,3733.323
2024-09-05 21:33:40,ETHUSDT,bid,2200,4549.565
2024-09-05 21:33:40,ETHUSDT,ask,2420,5045.05
2024-09-05 21:34:37,ETHUSDT,bid,2140,9427.007
2024-09-05 21:35:16,ETHUSDT,ask,2420,5176.278
2024-09-05 21:35:41,ETHUSDT,ask,2420,5176.291
2024-09-05 21:36:46,ETHUSDT,bid,2250,4514.826
2024-09-05 21:42:39,ETHUSDT,ask,2590,5826.949
2024-09-05 21:43:11,ETHUSDT,ask,2590,5826.958
2024-09-05 21:49:52,ETHUSDT,bid,2220,4520.772
2024-09-05 21:49:52,ETHUSDT,bid,2210,4533.499
2024-09-05 21:50:00,ETHUSDT,bid,2210,4524.474
2024-09-05 21:50:03,ETHUSDT,bid,2220,4511.788
2024-09-05 21:52:07,ETHUSDT,bid,2250,4515.276
2024-09-05 21:52:17,ETHUSDT,bid,2250,4517.276
2024-09-05 21:52:23,ETHUSDT,bid,2230,4494.55
2024-09-05 21:53:34,ETHUSDT,bid,2140,4941.561
2024-09-05 21:53:35,ETHUSDT,bid,2220,4520.676
2024-09-05 21:54:06,ETHUSDT,bid,2200,4586.006
2024-09-05 21:54:41,ETHUSDT,bid,1960,5306.662
2024-09-05 21:55:05,ETHUSDT,bid,2210,4525.474
2024-09-05 21:55:38,ETHUSDT,bid,2140,4942.012
2024-09-05 21:56:38,ETHUSDT,bid,2200,4546.561
2024-09-05 21:56:53,ETHUSDT,bid,2210,4526.274
2024-09-05 21:57:07,ETHUSDT,bid,2140,4942.337
2024-09-05 21:57:23,ETHUSDT,ask,2670,3733.313
2024-09-05 21:57:27,ETHUSDT,bid,2140,4942.427
2024-09-05 22:01:13,ETHUSDT,bid,2230,4494.423
2024-09-05 22:02:16,ETHUSDT,bid,2250,4521.717
2024-09-05 22:03:05,ETHUSDT,bid,2220,4520.315
2024-09-05 22:04:27,ETHUSDT,bid,2250,4522.103
2024-09-05 22:05:26,ETHUSDT,bid,2200,4546.029
2024-09-05 22:05:41,ETHUSDT,bid,2140,4942.437
2024-09-05 22:05:41,ETHUSDT,bid,2140,4942.467
2024-09-05 22:05:41,ETHUSDT,bid,2140,4942.495
2024-09-05 22:05:41,ETHUSDT,bid,2140,4942.515
2024-09-05 22:05:41,ETHUSDT,bid,2140,4942.553
2024-09-05 22:05:41,ETHUSDT,bid,2140,4942.563
2024-09-05 22:05:50,ETHUSDT,bid,2250,4517.662
2024-09-05 22:05:50,ETHUSDT,bid,2140,4942.553
2024-09-05 22:05:53,ETHUSDT,bid,2140,4942.543
2024-09-05 22:05:54,ETHUSDT,bid,2140,4942.533
2024-09-05 22:05:54,ETHUSDT,bid,2140,4942.523
2024-09-05 22:05:54,ETHUSDT,bid,2140,4942.513
2024-09-05 22:05:55,ETHUSDT,bid,2140,4942.503
2024-09-05 22:05:55,ETHUSDT,bid,2140,4942.493
2024-09-05 22:05:56,ETHUSDT,bid,2140,4942.483
2024-09-05 22:05:56,ETHUSDT,bid,2140,4942.473
2024-09-05 22:05:57,ETHUSDT,bid,2140,4942.463
2024-09-05 22:07:28,ETHUSDT,bid,2140,9422.007
2024-09-05 22:08:42,ETHUSDT,bid,2200,6502.406
2024-09-05 22:09:02,ETHUSDT,bid,2140,9421.588
2024-09-05 22:13:28,ETHUSDT,bid,2220,4521.315
2024-09-05 22:15:41,ETHUSDT,bid,2140,4942.445
2024-09-05 22:15:41,ETHUSDT,bid,2140,4942.427
2024-09-05 22:15:50,ETHUSDT,bid,1960,5307.162
2024-09-05 22:16:27,ETHUSDT,bid,1960,5306.662
2024-09-05 22:16:35,ETHUSDT,bid,2220,4520.315
2024-09-05 22:16:42,ETHUSDT,bid,2030,5075.692
2024-09-05 22:17:06,ETHUSDT,ask,3040,3301.862
2024-09-05 22:17:53,ETHUSDT,bid,2200,6502.64
2024-09-05 22:18:04,ETHUSDT,bid,2200,4547.561
2024-09-05 22:18:43,ETHUSDT,bid,2200,6502.877
2024-09-05 22:22:43,ETHUSDT,bid,2200,6502.922
2024-09-05 22:22:53,ETHUSDT,bid,2220,4520.36
2024-09-05 22:22:57,ETHUSDT,bid,2230,4494.467
2024-09-05 22:23:46,ETHUSDT,bid,2140,4945.756
2024-09-05 22:24:50,ETHUSDT,bid,1960,5262.662
2024-09-05 22:26:18,ETHUSDT,bid,2220,4520.476
2024-09-05 22:26:20,ETHUSDT,bid,2140,4946.256
2024-09-05 22:26:37,ETHUSDT,ask,2670,3797.221
2024-09-05 22:26:38,ETHUSDT,bid,2210,4525.576
2024-09-05 22:26:47,ETHUSDT,bid,2210,4525.566
2024-09-05 22:26:58,ETHUSDT,bid,1700,6037.837
2024-09-05 22:27:05,ETHUSDT,bid,2070,9681.33
2024-09-05 22:28:07,ETHUSDT,bid,2200,4548.299
2024-09-05 22:28:50,ETHUSDT,bid,2220,4521.224
2024-09-05 22:29:18,ETHUSDT,bid,2200,4549.156
2024-09-05 22:29:37,ETHUSDT,bid,2140,4911.758
2024-09-05 22:29:38,ETHUSDT,bid,2140,9422.588
2024-09-05 22:29:38,ETHUSDT,bid,2140,4874.395
2024-09-05 22:29:54,ETHUSDT,bid,2200,6511.922
2024-09-05 22:29:57,ETHUSDT,bid,2140,9421.588
2024-09-05 22:30:18,ETHUSDT,bid,2220,4520.224
2024-09-05 22:30:25,ETHUSDT,bid,2220,4519.224
2024-09-05 22:31:11,ETHUSDT,bid,2140,9421.288
2024-09-05 22:31:36,ETHUSDT,bid,2200,6502.922
2024-09-05 22:31:43,ETHUSDT,bid,2200,6501.302
2024-09-05 22:31:43,ETHUSDT,bid,2140,4929.72
2024-09-05 22:31:54,ETHUSDT,bid,2140,9421.254
2024-09-05 22:32:17,ETHUSDT,bid,2220,4521.378
2024-09-05 22:32:45,ETHUSDT,bid,2200,6501.594
2024-09-05 22:32:49,ETHUSDT,bid,2220,4523.716
2024-09-05 22:33:17,ETHUSDT,bid,1960,5263.249
2024-09-05 22:33:17,ETHUSDT,bid,2200,4548.633
2024-09-05 22:35:17,ETHUSDT,bid,2140,9421.357
2024-09-05 22:35:55,ETHUSDT,bid,2220,4528.881
2024-09-05 22:36:33,ETHUSDT,bid,2250,4518.162
2024-09-05 22:37:18,ETHUSDT,bid,1700,6038.179
2024-09-05 22:37:21,ETHUSDT,bid,1700,6038.199
2024-09-05 22:38:12,ETHUSDT,bid,2220,4523.476
2024-09-05 22:38:40,ETHUSDT,ask,2670,3797.231
2024-09-05 22:38:48,ETHUSDT,bid,1700,6037.857
2024-09-05 22:38:52,ETHUSDT,bid,1700,6037.837
2024-09-05 22:38:57,ETHUSDT,bid,2220,4529.381
2024-09-05 22:39:04,ETHUSDT,bid,2220,4528.881
2024-09-05 22:41:06,ETHUSDT,bid,2200,6501.903
2024-09-05 22:42:22,ETHUSDT,bid,2250,4519.006
2024-09-05 22:43:58,ETHUSDT,bid,2140,4920.375
2024-09-05 22:44:14,ETHUSDT,bid,2140,9425.176
2024-09-05 22:44:22,ETHUSDT,bid,1700,6037.397
2024-09-05 22:44:29,ETHUSDT,bid,2220,4523.504
2024-09-05 22:44:44,ETHUSDT,bid,1700,6037.855
2024-09-05 22:45:48,ETHUSDT,bid,2250,4520.506
2024-09-05 22:47:00,ETHUSDT,bid,2200,4547.776
2024-09-05 22:47:31,ETHUSDT,bid,2070,4819.328
2024-09-05 22:47:44,ETHUSDT,bid,2250,4520.515
2024-09-05 22:48:53,ETHUSDT,bid,2210,4525.266
2024-09-05 22:50:19,ETHUSDT,bid,2200,4557.561
2024-09-05 22:51:10,ETHUSDT,bid,1960,5263.292
2024-09-05 22:51:10,ETHUSDT,bid,2140,4920.418
2024-09-05 22:51:10,ETHUSDT,bid,2200,4557.604
2024-09-05 22:51:52,ETHUSDT,ask,2650,3801.549
2024-09-05 22:52:12,ETHUSDT,bid,2220,4528.133
2024-09-05 22:52:37,ETHUSDT,bid,2210,4525.251
2024-09-05 22:52:59,ETHUSDT,bid,2140,4920.464
2024-09-05 23:00:06,ETHUSDT,bid,2220,4519.245
2024-09-05 23:00:11,ETHUSDT,bid,2210,4526.251
2024-09-05 23:00:36,ETHUSDT,bid,2070,9683.392
2024-09-05 23:01:37,ETHUSDT,bid,1700,6037.964
2024-09-05 23:01:50,ETHUSDT,bid,2140,4922.364
2024-09-05 23:03:04,ETHUSDT,bid,2210,4525.251
2024-09-05 23:03:29,ETHUSDT,bid,2230,4494.217
2024-09-05 23:04:19,ETHUSDT,bid,2140,4921.913
2024-09-05 23:04:35,ETHUSDT,bid,2220,4520.001
2024-09-05 23:05:14,ETHUSDT,bid,2140,9432.168
2024-09-05 23:05:52,ETHUSDT,bid,2200,6502.052
2024-09-05 23:07:55,ETHUSDT,ask,2650,3801.533
2024-09-05 23:07:58,ETHUSDT,bid,2200,6502.865
2024-09-05 23:10:15,ETHUSDT,bid,2140,4866.588
2024-09-05 23:10:36,ETHUSDT,bid,2140,4903.104
2024-09-05 23:17:26,ETHUSDT,bid,2250,4520.631
2024-09-05 23:17:50,ETHUSDT,bid,2200,6525.581
2024-09-05 23:17:56,ETHUSDT,bid,2250,4520.515
2024-09-05 23:18:24,ETHUSDT,bid,2140,4903.337
2024-09-05 23:20:16,ETHUSDT,bid,2200,4565.618
2024-09-05 23:20:23,ETHUSDT,ask,2590,5826.949
2024-09-05 23:21:55,ETHUSDT,bid,2200,4557.604
2024-09-05 23:24:21,ETHUSDT,bid,2200,6525.289
2024-09-05 23:25:28,ETHUSDT,bid,1960,5263.394
2024-09-05 23:25:44,ETHUSDT,bid,2200,4548.28
2024-09-05 23:27:43,ETHUSDT,bid,2140,9432.065
2024-09-05 23:28:47,ETHUSDT,bid,2210,4527.364
2024-09-05 23:29:28,ETHUSDT,bid,2200,6525.048
2024-09-05 23:29:37,ETHUSDT,bid,2200,6525.188
2024-09-05 23:37:38,ETHUSDT,bid,1960,5260.906
2024-09-05 23:38:12,ETHUSDT,bid,2140,9432.668
2024-09-05 23:38:35,ETHUSDT,bid,2200,6525.039
2024-09-05 23:41:25,ETHUSDT,bid,2210,4527.629
2024-09-05 23:44:32,ETHUSDT,bid,2250,4519.503
2024-09-05 23:44:42,ETHUSDT,bid,2070,9683.873
2024-09-05 23:45:34,ETHUSDT,bid,2230,4495.688
2024-09-05 23:46:01,ETHUSDT,bid,2200,4548.688
2024-09-05 23:47:58,ETHUSDT,bid,2220,4521.001
2024-09-05 23:49:05,ETHUSDT,bid,2200,6525.175
2024-09-05 23:50:25,ETHUSDT,bid,2200,4558.604
2024-09-05 23:51:04,ETHUSDT,bid,2200,4557.604
2024-09-05 23:54:10,ETHUSDT,bid,2220,4520.245
2024-09-05 23:56:45,ETHUSDT,bid,2220,4520.28
2024-09-06 00:02:13,ETHUSDT,bid,1950,5132.81
2024-09-06 00:05:01,ETHUSDT,bid,2140,4903.367
2024-09-06 00:07:30,ETHUSDT,bid,2200,6525.357
2024-09-06 00:07:38,ETHUSDT,bid,2140,4904.365
2024-09-06 00:11:14,ETHUSDT,bid,2140,4903.367
2024-09-06 00:15:40,ETHUSDT,bid,2220,4524.162
2024-09-06 00:18:20,ETHUSDT,bid,2140,4866.851
2024-09-06 00:18:47,ETHUSDT,bid,2140,4885.11
2024-09-06 00:20:01,ETHUSDT,bid,2200,4557.614
2024-09-06 00:20:04,ETHUSDT,bid,2230,4497.052
2024-09-06 00:25:36,ETHUSDT,bid,2140,9432.678
2024-09-06 00:26:12,ETHUSDT,bid,2140,9432.668
2024-09-06 00:27:56,ETHUSDT,bid,2140,4883.424
2024-09-06 00:31:14,ETHUSDT,bid,2200,4548.888
2024-09-06 00:31:18,ETHUSDT,bid,2200,4548.788
2024-09-06 00:34:58,ETHUSDT,bid,2140,4883.424
2024-09-06 00:43:09,ETHUSDT,bid,2210,4527.879
2024-09-06 00:44:16,ETHUSDT,bid,2140,4878.611
2024-09-06 00:44:24,ETHUSDT,bid,2140,9432.679
2024-09-06 00:47:22,ETHUSDT,bid,1700,6037.729
2024-09-06 00:54:42,ETHUSDT,bid,2210,4528.609
2024-09-06 00:55:11,ETHUSDT,bid,2210,4527.879
2024-09-06 00:55:24,ETHUSDT,bid,2210,4528.955
2024-09-06 01:03:02,ETHUSDT,bid,1700,6037.905
2024-09-06 01:07:01,ETHUSDT,bid,2210,4527.879
2024-09-06 01:08:09,ETHUSDT,bid,2210,4529.314
2024-09-06 01:12:12,ETHUSDT,bid,2220,4519.28
2024-09-06 01:12:44,ETHUSDT,bid,1700,6038.434
2024-09-06 01:13:27,ETHUSDT,bid,2070,9683.969
2024-09-06 01:26:01,ETHUSDT,bid,2200,4548.804
2024-09-06 01:26:38,ETHUSDT,bid,2200,4557.633
2024-09-06 01:26:47,ETHUSDT,bid,2210,4529.323
2024-09-06 01:27:11,ETHUSDT,bid,2200,6526.357
2024-09-06 01:29:04,ETHUSDT,bid,2200,6525.357
2024-09-06 01:36:27,ETHUSDT,bid,1700,6038.199
2024-09-06 01:36:27,ETHUSDT,bid,2140,4878.499
2024-09-06 01:38:16,ETHUSDT,ask,3090,3229.273
2024-09-06 01:38:49,ETHUSDT,bid,1700,6038.09
2024-09-06 01:40:01,ETHUSDT,bid,2200,6526.357
2024-09-06 01:44:33,ETHUSDT,bid,2140,4860.24
2024-09-06 01:51:43,ETHUSDT,bid,2250,4519.764
2024-09-06 01:51:47,ETHUSDT,bid,2070,9683.488
2024-09-06 01:51:56,ETHUSDT,bid,2230,4497.315
2024-09-06 01:52:01,ETHUSDT,bid,2220,4524.426
2024-09-06 01:52:52,ETHUSDT,bid,2220,4524.491
2024-09-06 02:07:05,ETHUSDT,bid,2250,4519.503
2024-09-06 02:07:07,ETHUSDT,bid,2230,4497.052
2024-09-06 02:07:14,ETHUSDT,bid,2220,4524.426
2024-09-06 02:07:22,ETHUSDT,bid,2200,6526.624
2024-09-06 02:11:44,ETHUSDT,bid,2030,5080.692
2024-09-06 02:12:56,ETHUSDT,ask,2590,5816.949
2024-09-06 02:16:16,ETHUSDT,bid,2220,4528.426
2024-09-06 02:19:44,ETHUSDT,bid,1700,6042.948
2024-09-06 02:21:52,ETHUSDT,bid,2210,4527.888
2024-09-06 02:22:09,ETHUSDT,bid,2210,4528.605
2024-09-06 02:22:12,ETHUSDT,ask,2670,3797.221
2024-09-06 02:22:41,ETHUSDT,bid,2210,4527.888
2024-09-06 02:23:56,ETHUSDT,bid,1700,6042.981
2024-09-06 02:25:09,ETHUSDT,bid,2200,6526.357
2024-09-06 02:26:04,ETHUSDT,bid,2220,4528.162
2024-09-06 02:26:40,ETHUSDT,bid,2200,4554.199
2024-09-06 02:27:56,ETHUSDT,bid,2250,4520.474
2024-09-06 02:29:05,ETHUSDT,bid,2210,4529.323
2024-09-06 02:29:30,ETHUSDT,bid,2230,4497.127
2024-09-06 02:32:09,ETHUSDT,ask,2670,3796.87
2024-09-06 02:33:47,ETHUSDT,bid,2320,15163.165
2024-09-06 02:33:53,ETHUSDT,bid,2140,4860.25
2024-09-06 02:34:10,ETHUSDT,bid,2140,4860.24
2024-09-06 02:34:46,ETHUSDT,bid,2210,4529.058
2024-09-06 02:36:01,ETHUSDT,bid,2230,4497.228
2024-09-06 02:37:39,ETHUSDT,bid,2140,4860.942
2024-09-06 02:39:31,ETHUSDT,bid,2030,5080.937
2024-09-06 02:41:57,ETHUSDT,bid,2220,4519.48
2024-09-06 02:42:02,ETHUSDT,bid,2140,4861.962
2024-09-06 02:42:03,ETHUSDT,bid,2140,4862.47
2024-09-06 02:42:04,ETHUSDT,bid,2140,4863.626
2024-09-06 02:42:06,ETHUSDT,bid,2140,4863.822
2024-09-06 02:43:01,ETHUSDT,bid,2140,4862.802
2024-09-06 02:43:01,ETHUSDT,bid,2140,4862.294
2024-09-06 02:43:02,ETHUSDT,bid,2140,4861.138
2024-09-06 02:43:02,ETHUSDT,bid,2140,4860.942
2024-09-06 02:43:09,ETHUSDT,bid,2140,9432.076
2024-09-06 02:43:31,ETHUSDT,bid,2200,6526.217
2024-09-06 02:43:38,ETHUSDT,bid,2140,4861.089
2024-09-06 02:43:49,ETHUSDT,bid,2220,4527.036
2024-09-06 02:44:26,ETHUSDT,bid,2230,4502.857
2024-09-06 02:44:37,ETHUSDT,bid,2230,4497.228
2024-09-06 02:44:44,ETHUSDT,bid,2210,4527.623
2024-09-06 02:44:51,ETHUSDT,bid,2200,4566.699
2024-09-06 02:45:05,ETHUSDT,bid,1960,5262.021
2024-09-06 02:45:06,ETHUSDT,bid,2140,4861.1
2024-09-06 02:45:51,ETHUSDT,bid,2220,4519.28
2024-09-06 02:45:53,ETHUSDT,bid,2030,5083.396
2024-09-06 02:46:27,ETHUSDT,bid,2200,4557.633
2024-09-06 02:46:40,ETHUSDT,bid,2250,4522.474
2024-09-06 02:49:54,ETHUSDT,bid,2070,9684.164
2024-09-06 02:49:57,ETHUSDT,bid,2230,4502.125
2024-09-06 02:50:12,ETHUSDT,bid,2030,5080.937
2024-09-06 02:52:09,ETHUSDT,bid,2140,4860.953
2024-09-06 02:52:09,ETHUSDT,bid,2140,9432.222
2024-09-06 02:52:32,ETHUSDT,bid,2200,4554.516
2024-09-06 02:52:36,ETHUSDT,bid,2200,4557.18
2024-09-06 02:52:42,ETHUSDT,bid,2220,4524.938
2024-09-06 02:53:16,ETHUSDT,bid,2250,4522.024
2024-09-06 02:56:01,ETHUSDT,bid,2140,4861.006
2024-09-06 02:59:24,ETHUSDT,bid,1700,6043.35
2024-09-06 03:02:44,ETHUSDT,bid,2070,9683.488
2024-09-06 03:02:51,ETHUSDT,bid,2140,9432.498
2024-09-06 03:03:00,ETHUSDT,bid,2140,9432.222
2024-09-06 03:03:10,ETHUSDT,bid,1950,5133.208
2024-09-06 03:03:27,ETHUSDT,bid,1960,5262.833
2024-09-06 03:05:24,ETHUSDT,bid,2140,4863.013
2024-09-06 03:09:20,ETHUSDT,bid,2220,4525.202
2024-09-06 03:09:26,ETHUSDT,bid,2200,6526.484
2024-09-06 03:09:37,ETHUSDT,bid,2070,9684.34
2024-09-06 03:09:41,ETHUSDT,bid,2140,4863.049
2024-09-06 03:11:10,ETHUSDT,bid,2200,4557.19
2024-09-06 03:11:35,ETHUSDT,ask,2410,5927.52
2024-09-06 03:11:53,ETHUSDT,bid,1960,5263.78
2024-09-06 03:14:32,ETHUSDT,bid,2210,4527.984
2024-09-06 03:18:29,ETHUSDT,bid,2140,4959.548
2024-09-06 03:32:25,ETHUSDT,bid,2140,9433.092
2024-09-06 03:36:59,ETHUSDT,bid,2220,4589.28
2024-09-06 03:37:47,ETHUSDT,bid,1700,6043.5
2024-09-06 03:38:36,ETHUSDT,bid,2220,4524.184
2024-09-06 03:39:33,ETHUSDT,bid,2140,4959.537
2024-09-06 03:39:33,ETHUSDT,ask,2670,3796.87
2024-09-06 03:39:33,ETHUSDT,ask,2990,3453.467
2024-09-06 03:45:19,ETHUSDT,ask,3120,3197.014
2024-09-06 03:45:32,ETHUSDT,bid,2140,4960.537
2024-09-06 03:50:16,ETHUSDT,bid,1960,5262.833
2024-09-06 04:00:28,ETHUSDT,bid,1700,6043.7
2024-09-06 04:06:38,ETHUSDT,bid,1960,5262.844
2024-09-06 04:20:12,ETHUSDT,bid,1700,6043.5
2024-09-06 04:20:32,ETHUSDT,bid,2140,4960.715
2024-09-06 04:20:49,ETHUSDT,bid,2140,4960.537
2024-09-06 04:23:23,ETHUSDT,bid,2140,4961.653
2024-09-06 04:24:02,ETHUSDT,bid,2230,4502.024
2024-09-06 04:28:31,ETHUSDT,bid,2070,9684.701
2024-09-06 04:36:34,ETHUSDT,bid,2200,4554.416
2024-09-06 04:36:38,ETHUSDT,bid,2210,4527.952
2024-09-06 04:36:39,ETHUSDT,bid,1960,5562.844
2024-09-06 04:37:49,ETHUSDT,bid,2250,4524.154
2024-09-06 04:39:34,ETHUSDT,bid,2030,5080.947
2024-09-06 04:43:28,ETHUSDT,bid,2140,4971.653
2024-09-06 04:43:41,ETHUSDT,bid,2140,4961.653
2024-09-06 04:43:47,ETHUSDT,bid,2200,4554.436
2024-09-06 04:45:48,ETHUSDT,bid,2220,4589.34
2024-09-06 04:49:35,ETHUSDT,bid,1700,6043.52
2024-09-06 04:51:02,ETHUSDT,bid,2250,4522.024
2024-09-06 04:55:25,ETHUSDT,bid,2250,4522.751
2024-09-06 04:55:39,ETHUSDT,bid,2200,6526.965
2024-09-06 04:56:46,ETHUSDT,bid,2140,9433.473
2024-09-06 04:58:24,ETHUSDT,bid,2200,6525.965
2024-09-06 04:59:20,ETHUSDT,bid,1700,6040.579
2024-09-06 04:59:42,ETHUSDT,bid,2220,4589.28
2024-09-06 05:06:19,ETHUSDT,bid,2230,4497.024
2024-09-06 05:07:03,ETHUSDT,bid,2220,4525.418
2024-09-06 05:08:37,ETHUSDT,bid,2140,9433.573
2024-09-06 05:09:44,ETHUSDT,bid,2210,4528.67
2024-09-06 05:12:09,ETHUSDT,bid,2250,4527.751
2024-09-06 05:17:27,ETHUSDT,bid,2250,4656.979
2024-09-06 05:17:41,ETHUSDT,bid,2210,4529.017
2024-09-06 05:20:18,ETHUSDT,bid,2140,4961.839
2024-09-06 05:21:30,ETHUSDT,bid,2040,9801.096
2024-09-06 05:21:46,ETHUSDT,bid,2140,4961.925
2024-09-06 05:23:32,ETHUSDT,bid,2040,9801.119
2024-09-06 05:25:38,ETHUSDT,bid,1940,5214.775
2024-09-06 05:25:58,ETHUSDT,bid,1940,5214.775
2024-09-06 05:26:25,ETHUSDT,bid,1700,6044.814
2024-09-06 05:27:21,ETHUSDT,bid,2140,4961.839
2024-09-06 05:28:17,ETHUSDT,ask,2590,5816.948
2024-09-06 05:28:17,ETHUSDT,ask,2590,5816.948
2024-09-06 05:28:26,ETHUSDT,ask,2590,5816.94
2024-09-06 05:31:59,ETHUSDT,bid,1960,5562.793
2024-09-06 05:31:59,ETHUSDT,bid,2140,4961.816
2024-09-06 05:32:45,ETHUSDT,bid,2070,9686.435
2024-09-06 05:33:23,ETHUSDT,bid,2230,4497.074
2024-09-06 05:33:42,ETHUSDT,bid,2140,9434.695
2024-09-06 05:33:58,ETHUSDT,bid,1700,6047.956
2024-09-06 05:44:59,ETHUSDT,bid,1700,6046.649
2024-09-06 05:49:13,ETHUSDT,bid,1700,6043.507
