2024-08-25 07:01:40,SOLUSDT,ask,175,34036.0
2024-08-25 07:08:07,SOLUSDT,ask,176,29363.0
2024-08-25 07:08:16,SOLUSDT,ask,176,29362.0
2024-08-25 07:08:52,SOLUSDT,ask,176,29363.0
2024-08-25 07:08:57,SOLUSDT,ask,176,29364.0
2024-08-25 07:09:02,SOLUSDT,ask,176,29363.0
2024-08-25 07:09:06,SOLUSDT,ask,176,29362.0
2024-08-25 07:12:22,SOLUSDT,ask,176,29363.0
2024-08-25 07:12:23,SOLUSDT,ask,176,29364.0
2024-08-25 07:12:24,SOLUSDT,ask,176,29365.0
2024-08-25 07:12:31,SOLUSDT,ask,176,29364.0
2024-08-25 07:12:32,SOLUSDT,ask,176,29363.0
2024-08-25 07:12:33,SOLUSDT,ask,176,29362.0
2024-08-25 07:13:09,SOLUSDT,ask,176,29362.0
2024-08-25 07:28:02,SOLUSDT,ask,178,30183.0
2024-08-25 07:48:19,SOLUSDT,ask,178,30169.0
2024-08-25 07:53:00,SOLUSDT,ask,178,30164.0
2024-08-25 07:59:38,SOLUSDT,ask,175,34029.0
2024-08-25 08:02:03,SOLUSDT,ask,175,34028.0
2024-08-25 08:02:19,SOLUSDT,ask,175,34026.0
2024-08-25 08:14:15,SOLUSDT,ask,176,29363.0
2024-08-25 08:14:38,SOLUSDT,ask,175,34024.0
2024-08-25 08:26:47,SOLUSDT,ask,175,34012.0
2024-08-25 08:37:35,SOLUSDT,ask,175,34005.0
2024-08-25 09:14:30,SOLUSDT,ask,175,34002.0
2024-08-25 09:23:55,SOLUSDT,ask,175,33989.0
2024-08-25 10:24:59,SOLUSDT,ask,175,33984.0
2024-08-25 10:42:47,SOLUSDT,ask,175,33980.0
2024-08-25 10:43:41,SOLUSDT,ask,175,33979.0
2024-08-25 10:54:20,SOLUSDT,ask,176,29364.0
2024-08-25 10:55:27,SOLUSDT,ask,176,29362.0
2024-08-25 11:34:42,SOLUSDT,ask,176,29363.0
2024-08-25 11:35:09,SOLUSDT,ask,176,29362.0
2024-08-25 12:13:12,SOLUSDT,ask,175,33978.0
2024-08-25 12:29:00,SOLUSDT,ask,175,33979.0
2024-08-25 13:22:58,SOLUSDT,ask,175,33980.0
2024-08-25 14:11:30,SOLUSDT,ask,175,33966.0
2024-08-25 14:45:52,SOLUSDT,ask,176,29352.0
2024-08-25 14:49:42,SOLUSDT,ask,175,33964.0
2024-08-25 14:54:12,SOLUSDT,ask,176,29353.0
2024-08-25 14:55:30,SOLUSDT,ask,178,30162.0
2024-08-25 15:00:53,SOLUSDT,ask,175,33962.0
2024-08-25 15:39:41,SOLUSDT,ask,178,30164.0
2024-08-25 15:48:11,SOLUSDT,ask,175,33947.0
2024-08-25 15:56:09,SOLUSDT,ask,175,36269.0
2024-08-25 16:00:59,SOLUSDT,ask,178,30172.0
2024-08-25 16:52:49,SOLUSDT,ask,175,36270.0
2024-08-25 17:06:18,SOLUSDT,ask,175,36289.0
2024-08-25 17:06:18,SOLUSDT,ask,175,36270.0
2024-08-25 17:22:00,SOLUSDT,ask,178,30174.0
2024-08-25 17:28:42,SOLUSDT,ask,175,36269.0
2024-08-25 17:41:23,SOLUSDT,ask,175,36268.0
2024-08-25 17:45:24,SOLUSDT,ask,175,34960.0
2024-08-25 18:05:55,SOLUSDT,ask,178,30172.0
2024-08-25 18:13:05,SOLUSDT,ask,175,34959.0
2024-08-25 18:24:39,SOLUSDT,ask,178,30171.0
2024-08-25 18:30:15,SOLUSDT,ask,175,34958.0
2024-08-25 18:30:16,SOLUSDT,ask,176,29352.0
2024-08-25 18:30:18,SOLUSDT,ask,178,30170.0
2024-08-25 18:32:55,SOLUSDT,ask,175,34959.0
2024-08-25 18:34:22,SOLUSDT,ask,175,32637.0
2024-08-25 18:36:50,SOLUSDT,ask,176,29348.0
2024-08-25 18:38:25,SOLUSDT,ask,175,32675.0
2024-08-25 18:42:08,SOLUSDT,ask,176,29347.0
2024-08-25 18:43:39,SOLUSDT,ask,176,29232.0
2024-08-25 18:55:36,SOLUSDT,ask,175,32674.0
2024-08-25 18:59:03,SOLUSDT,ask,175,32675.0
2024-08-25 18:59:03,SOLUSDT,ask,176,29233.0
2024-08-25 18:59:03,SOLUSDT,ask,178,30171.0
2024-08-25 19:50:39,SOLUSDT,ask,175,32676.0
2024-08-25 20:01:28,SOLUSDT,ask,178,30664.0
2024-08-25 20:11:01,SOLUSDT,ask,158,36113.0
2024-08-25 20:11:01,SOLUSDT,ask,158,36193.0
2024-08-25 20:11:01,SOLUSDT,ask,158,36192.0
2024-08-25 20:11:01,SOLUSDT,ask,158,36223.0
2024-08-25 20:11:02,SOLUSDT,ask,158,36177.0
2024-08-25 20:11:02,SOLUSDT,ask,158,36114.0
2024-08-25 20:11:02,SOLUSDT,ask,158,36114.0
2024-08-25 20:11:03,SOLUSDT,ask,158,36120.0
2024-08-25 20:11:04,SOLUSDT,ask,158,36114.0
2024-08-25 20:11:07,SOLUSDT,ask,158,36117.0
2024-08-25 20:11:07,SOLUSDT,ask,158,36114.0
2024-08-25 20:11:07,SOLUSDT,ask,158,36123.0
2024-08-25 20:11:08,SOLUSDT,ask,158,36178.0
2024-08-25 20:11:08,SOLUSDT,ask,158,36180.0
2024-08-25 20:11:08,SOLUSDT,ask,158,36244.0
2024-08-25 20:11:08,SOLUSDT,ask,158,36233.0
2024-08-25 20:11:08,SOLUSDT,ask,158,36127.0
2024-08-25 20:11:09,SOLUSDT,ask,158,36114.0
2024-08-25 20:11:09,SOLUSDT,ask,158,36114.0
2024-08-25 20:11:09,SOLUSDT,ask,158,36114.0
2024-08-25 20:11:09,SOLUSDT,ask,158,36069.0
2024-08-25 20:11:10,SOLUSDT,ask,158,36088.0
2024-08-25 20:11:10,SOLUSDT,ask,158,36088.0
2024-08-25 20:11:11,SOLUSDT,ask,158,36069.0
2024-08-25 20:11:13,SOLUSDT,ask,158,36094.0
2024-08-25 20:11:13,SOLUSDT,ask,158,36312.0
2024-08-25 20:11:16,SOLUSDT,ask,158,36190.0
2024-08-25 20:11:16,SOLUSDT,ask,158,36113.0
2024-08-25 20:11:18,SOLUSDT,ask,158,36088.0
2024-08-25 20:11:19,SOLUSDT,ask,158,36072.0
2024-08-25 20:11:20,SOLUSDT,ask,158,36069.0
2024-08-25 20:11:22,SOLUSDT,ask,158,36101.0
2024-08-25 20:11:22,SOLUSDT,ask,158,36069.0
2024-08-25 20:11:25,SOLUSDT,ask,158,36101.0
2024-08-25 20:11:25,SOLUSDT,ask,158,36082.0
2024-08-25 20:11:25,SOLUSDT,ask,158,36069.0
2024-08-25 20:11:26,SOLUSDT,ask,158,36070.0
2024-08-25 20:11:28,SOLUSDT,ask,158,36069.0
2024-08-25 20:11:33,SOLUSDT,ask,158,36069.0
2024-08-25 20:11:35,SOLUSDT,ask,158,36073.0
2024-08-25 20:11:35,SOLUSDT,ask,158,36069.0
2024-08-25 20:11:36,SOLUSDT,ask,158,36069.0
2024-08-25 20:11:36,SOLUSDT,ask,158,36073.0
2024-08-25 20:11:36,SOLUSDT,ask,158,36069.0
2024-08-25 20:11:42,SOLUSDT,ask,158,36082.0
2024-08-25 20:11:48,SOLUSDT,ask,158,36075.0
2024-08-25 20:11:50,SOLUSDT,ask,158,36076.0
2024-08-25 20:12:02,SOLUSDT,ask,158,36090.0
2024-08-25 20:12:02,SOLUSDT,ask,158,36089.0
2024-08-25 20:12:08,SOLUSDT,ask,158,36075.0
2024-08-25 20:12:23,SOLUSDT,ask,175,32678.0
2024-08-25 20:12:24,SOLUSDT,ask,158,36085.0
2024-08-25 20:13:05,SOLUSDT,ask,158,36088.0
2024-08-25 20:13:16,SOLUSDT,ask,158,36099.0
2024-08-25 20:13:16,SOLUSDT,ask,158,36088.0
2024-08-25 20:13:18,SOLUSDT,ask,158,36174.0
2024-08-25 20:13:18,SOLUSDT,ask,158,36089.0
2024-08-25 20:13:18,SOLUSDT,ask,158,36100.0
2024-08-25 20:13:18,SOLUSDT,ask,158,36090.0
2024-08-25 20:13:19,SOLUSDT,ask,158,36216.0
2024-08-25 20:13:19,SOLUSDT,ask,158,36216.0
2024-08-25 20:13:19,SOLUSDT,ask,158,36260.0
2024-08-25 20:13:20,SOLUSDT,ask,158,36229.0
2024-08-25 20:13:20,SOLUSDT,ask,158,36216.0
2024-08-25 20:13:21,SOLUSDT,ask,158,36242.0
2024-08-25 20:13:21,SOLUSDT,ask,158,36242.0
2024-08-25 20:13:21,SOLUSDT,ask,158,36241.0
2024-08-25 20:13:21,SOLUSDT,ask,158,36250.0
2024-08-25 20:13:22,SOLUSDT,ask,158,36205.0
2024-08-25 20:13:23,SOLUSDT,ask,158,36205.0
2024-08-25 20:13:27,SOLUSDT,ask,158,36208.0
2024-08-25 20:13:28,SOLUSDT,ask,158,36365.0
2024-08-25 20:13:28,SOLUSDT,ask,158,36208.0
2024-08-25 20:13:28,SOLUSDT,ask,158,36205.0
2024-08-25 20:13:37,SOLUSDT,ask,158,36227.0
2024-08-25 20:13:38,SOLUSDT,ask,158,36205.0
2024-08-25 20:13:38,SOLUSDT,ask,158,36227.0
2024-08-25 20:13:38,SOLUSDT,ask,158,36205.0
2024-08-25 20:13:39,SOLUSDT,ask,158,36240.0
2024-08-25 20:13:39,SOLUSDT,ask,158,36255.0
2024-08-25 20:13:39,SOLUSDT,ask,158,36252.0
2024-08-25 20:13:43,SOLUSDT,ask,158,36069.0
2024-08-25 20:13:43,SOLUSDT,ask,158,36101.0
2024-08-25 20:13:43,SOLUSDT,ask,158,35868.0
2024-08-25 20:13:43,SOLUSDT,ask,158,35902.0
2024-08-25 20:13:43,SOLUSDT,ask,158,35903.0
2024-08-25 20:13:43,SOLUSDT,ask,158,35894.0
2024-08-25 20:13:43,SOLUSDT,ask,158,35901.0
2024-08-25 20:13:44,SOLUSDT,ask,158,35902.0
2024-08-25 20:13:44,SOLUSDT,ask,158,35896.0
2024-08-25 20:13:44,SOLUSDT,ask,158,35897.0
2024-08-25 20:13:45,SOLUSDT,ask,158,35903.0
2024-08-25 20:13:45,SOLUSDT,ask,158,35903.0
2024-08-25 20:13:45,SOLUSDT,ask,158,35899.0
2024-08-25 20:13:45,SOLUSDT,ask,158,35905.0
2024-08-25 20:13:46,SOLUSDT,ask,158,35904.0
2024-08-25 20:13:46,SOLUSDT,ask,158,35898.0
2024-08-25 20:13:47,SOLUSDT,ask,158,35897.0
2024-08-25 20:13:47,SOLUSDT,ask,158,35895.0
2024-08-25 20:13:47,SOLUSDT,ask,158,35898.0
2024-08-25 20:13:48,SOLUSDT,ask,158,35899.0
2024-08-25 20:13:49,SOLUSDT,ask,158,35897.0
2024-08-25 20:13:49,SOLUSDT,ask,158,35902.0
2024-08-25 20:13:49,SOLUSDT,ask,158,35905.0
2024-08-25 20:13:49,SOLUSDT,ask,158,35906.0
2024-08-25 20:13:49,SOLUSDT,ask,158,35901.0
2024-08-25 20:13:49,SOLUSDT,ask,158,35905.0
2024-08-25 20:13:49,SOLUSDT,ask,158,35903.0
2024-08-25 20:13:50,SOLUSDT,ask,158,35901.0
2024-08-25 20:13:50,SOLUSDT,ask,158,35898.0
2024-08-25 20:13:50,SOLUSDT,ask,158,35899.0
2024-08-25 20:13:51,SOLUSDT,ask,158,35916.0
2024-08-25 20:13:51,SOLUSDT,ask,158,35914.0
2024-08-25 20:13:51,SOLUSDT,ask,158,35915.0
2024-08-25 20:13:51,SOLUSDT,ask,158,35802.0
2024-08-25 20:13:51,SOLUSDT,ask,158,35784.0
2024-08-25 20:13:52,SOLUSDT,ask,158,35764.0
2024-08-25 20:13:52,SOLUSDT,ask,158,35759.0
2024-08-25 20:13:52,SOLUSDT,ask,158,35763.0
2024-08-25 20:13:52,SOLUSDT,ask,158,35748.0
2024-08-25 20:13:53,SOLUSDT,ask,158,35686.0
2024-08-25 20:13:53,SOLUSDT,ask,158,35681.0
2024-08-25 20:13:53,SOLUSDT,ask,158,35673.0
2024-08-25 20:13:53,SOLUSDT,ask,158,35676.0
2024-08-25 20:13:53,SOLUSDT,ask,158,35670.0
2024-08-25 20:13:53,SOLUSDT,ask,158,35673.0
2024-08-25 20:13:53,SOLUSDT,ask,158,35633.0
2024-08-25 20:13:54,SOLUSDT,ask,158,35613.0
2024-08-25 20:13:54,SOLUSDT,ask,158,35610.0
2024-08-25 20:13:54,SOLUSDT,ask,158,35622.0
2024-08-25 20:13:55,SOLUSDT,ask,158,35619.0
2024-08-25 20:13:55,SOLUSDT,ask,158,35621.0
2024-08-25 20:13:56,SOLUSDT,ask,158,35620.0
2024-08-25 20:13:56,SOLUSDT,ask,158,35617.0
2024-08-25 20:13:56,SOLUSDT,ask,158,35611.0
2024-08-25 20:13:56,SOLUSDT,ask,158,35618.0
2024-08-25 20:13:58,SOLUSDT,ask,158,35568.0
2024-08-25 20:13:58,SOLUSDT,ask,158,35570.0
2024-08-25 20:13:59,SOLUSDT,ask,158,35561.0
2024-08-25 20:13:59,SOLUSDT,ask,158,35547.0
2024-08-25 20:13:59,SOLUSDT,ask,158,35544.0
2024-08-25 20:13:59,SOLUSDT,ask,158,35543.0
2024-08-25 20:14:00,SOLUSDT,ask,158,35540.0
2024-08-25 20:14:00,SOLUSDT,ask,158,35543.0
2024-08-25 20:14:00,SOLUSDT,ask,158,35544.0
2024-08-25 20:14:00,SOLUSDT,ask,158,35541.0
2024-08-25 20:14:00,SOLUSDT,ask,158,35545.0
2024-08-25 20:14:01,SOLUSDT,ask,158,35544.0
2024-08-25 20:14:02,SOLUSDT,ask,158,35543.0
2024-08-25 20:14:02,SOLUSDT,ask,175,32675.0
2024-08-25 20:14:03,SOLUSDT,ask,158,35540.0
2024-08-25 20:14:03,SOLUSDT,ask,158,35499.0
2024-08-25 20:14:03,SOLUSDT,ask,158,35486.0
2024-08-25 20:14:03,SOLUSDT,ask,158,35574.0
2024-08-25 20:14:03,SOLUSDT,ask,158,35573.0
2024-08-25 20:14:03,SOLUSDT,ask,158,35571.0
2024-08-25 20:14:04,SOLUSDT,ask,158,35545.0
2024-08-25 20:14:04,SOLUSDT,ask,158,35527.0
2024-08-25 20:14:04,SOLUSDT,ask,158,35549.0
2024-08-25 20:14:04,SOLUSDT,ask,158,35551.0
2024-08-25 20:14:04,SOLUSDT,ask,158,35544.0
2024-08-25 20:14:04,SOLUSDT,ask,158,35539.0
2024-08-25 20:14:04,SOLUSDT,ask,158,35531.0
2024-08-25 20:14:05,SOLUSDT,ask,158,35530.0
2024-08-25 20:14:05,SOLUSDT,ask,158,35486.0
2024-08-25 20:14:05,SOLUSDT,ask,158,35390.0
2024-08-25 20:14:05,SOLUSDT,ask,158,35389.0
2024-08-25 20:14:05,SOLUSDT,ask,158,35383.0
2024-08-25 20:14:05,SOLUSDT,ask,158,35384.0
2024-08-25 20:14:06,SOLUSDT,ask,158,35386.0
2024-08-25 20:14:06,SOLUSDT,ask,158,35382.0
2024-08-25 20:14:07,SOLUSDT,ask,158,35397.0
2024-08-25 20:14:07,SOLUSDT,ask,158,35400.0
2024-08-25 20:14:08,SOLUSDT,ask,158,35400.0
2024-08-25 20:14:08,SOLUSDT,ask,158,35401.0
2024-08-25 20:14:08,SOLUSDT,ask,158,35353.0
2024-08-25 20:14:09,SOLUSDT,ask,158,35359.0
2024-08-25 20:14:09,SOLUSDT,ask,158,35453.0
2024-08-25 20:14:09,SOLUSDT,ask,158,35438.0
2024-08-25 20:14:09,SOLUSDT,ask,158,35475.0
2024-08-25 20:14:09,SOLUSDT,ask,158,35438.0
2024-08-25 20:14:09,SOLUSDT,ask,158,35435.0
2024-08-25 20:14:09,SOLUSDT,ask,158,35437.0
2024-08-25 20:14:10,SOLUSDT,ask,158,35435.0
2024-08-25 20:14:10,SOLUSDT,ask,158,35440.0
2024-08-25 20:14:10,SOLUSDT,ask,158,35445.0
2024-08-25 20:14:10,SOLUSDT,ask,158,35455.0
2024-08-25 20:14:11,SOLUSDT,ask,158,35449.0
2024-08-25 20:14:13,SOLUSDT,ask,158,35434.0
2024-08-25 20:14:15,SOLUSDT,ask,158,35466.0
2024-08-25 20:14:15,SOLUSDT,ask,158,35464.0
2024-08-25 20:14:17,SOLUSDT,ask,158,35459.0
2024-08-25 20:14:18,SOLUSDT,ask,158,35446.0
2024-08-25 20:14:19,SOLUSDT,ask,158,35432.0
2024-08-25 20:14:21,SOLUSDT,ask,158,35434.0
2024-08-25 20:14:23,SOLUSDT,ask,158,35426.0
2024-08-25 20:14:23,SOLUSDT,ask,158,35425.0
2024-08-25 20:14:23,SOLUSDT,ask,158,35405.0
2024-08-25 20:14:23,SOLUSDT,ask,158,35392.0
2024-08-25 20:14:27,SOLUSDT,ask,158,35392.0
2024-08-25 20:14:38,SOLUSDT,ask,158,35394.0
2024-08-25 20:14:40,SOLUSDT,ask,158,35396.0
2024-08-25 20:14:41,SOLUSDT,ask,158,35409.0
2024-08-25 20:14:44,SOLUSDT,ask,175,32676.0
2024-08-25 20:14:47,SOLUSDT,ask,158,35407.0
2024-08-25 20:14:47,SOLUSDT,ask,158,35392.0
2024-08-25 20:14:47,SOLUSDT,ask,158,35395.0
2024-08-25 20:14:49,SOLUSDT,ask,158,35404.0
2024-08-25 20:14:50,SOLUSDT,ask,158,35401.0
2024-08-25 20:14:51,SOLUSDT,ask,158,35399.0
2024-08-25 20:14:52,SOLUSDT,ask,158,35390.0
2024-08-25 20:15:00,SOLUSDT,ask,158,35393.0
2024-08-25 20:15:01,SOLUSDT,ask,158,35338.0
2024-08-25 20:15:02,SOLUSDT,ask,158,35370.0
2024-08-25 20:15:02,SOLUSDT,ask,158,35338.0
2024-08-25 20:15:03,SOLUSDT,ask,158,35335.0
2024-08-25 20:15:10,SOLUSDT,ask,158,35346.0
2024-08-25 20:15:10,SOLUSDT,ask,158,35337.0
2024-08-25 20:15:10,SOLUSDT,ask,158,35335.0
2024-08-25 20:15:10,SOLUSDT,ask,158,35337.0
2024-08-25 20:15:11,SOLUSDT,ask,158,35335.0
2024-08-25 20:15:12,SOLUSDT,ask,158,35337.0
2024-08-25 20:15:13,SOLUSDT,ask,158,35339.0
2024-08-25 20:15:13,SOLUSDT,ask,158,35433.0
2024-08-25 20:15:14,SOLUSDT,ask,158,35339.0
2024-08-25 20:15:14,SOLUSDT,ask,158,35335.0
2024-08-25 20:15:14,SOLUSDT,ask,158,35338.0
2024-08-25 20:15:19,SOLUSDT,ask,158,35335.0
2024-08-25 20:15:19,SOLUSDT,ask,158,35337.0
2024-08-25 20:15:20,SOLUSDT,ask,158,35335.0
2024-08-25 20:15:21,SOLUSDT,ask,158,35337.0
2024-08-25 20:15:22,SOLUSDT,ask,158,35339.0
2024-08-25 20:15:23,SOLUSDT,ask,158,35335.0
2024-08-25 20:15:24,SOLUSDT,ask,158,35338.0
2024-08-25 20:15:26,SOLUSDT,ask,158,35335.0
2024-08-25 20:15:32,SOLUSDT,ask,158,35461.0
2024-08-25 20:15:32,SOLUSDT,ask,158,35335.0
2024-08-25 20:15:34,SOLUSDT,ask,158,35341.0
2024-08-25 20:15:34,SOLUSDT,ask,158,35344.0
2024-08-25 20:15:37,SOLUSDT,ask,158,35346.0
2024-08-25 20:15:39,SOLUSDT,ask,158,35313.0
2024-08-25 20:15:39,SOLUSDT,ask,158,35314.0
2024-08-25 20:15:49,SOLUSDT,ask,158,35308.0
2024-08-25 20:16:21,SOLUSDT,ask,158,35315.0
2024-08-25 20:16:22,SOLUSDT,ask,158,35308.0
2024-08-25 20:16:23,SOLUSDT,ask,158,35311.0
2024-08-25 20:16:31,SOLUSDT,ask,158,35307.0
2024-08-25 20:16:34,SOLUSDT,ask,158,35310.0
2024-08-25 20:16:34,SOLUSDT,ask,158,35307.0
2024-08-25 20:16:56,SOLUSDT,ask,158,35307.0
2024-08-25 20:17:03,SOLUSDT,ask,158,35307.0
2024-08-25 20:17:17,SOLUSDT,ask,158,35311.0
2024-08-25 20:17:22,SOLUSDT,ask,158,35307.0
2024-08-25 20:17:42,SOLUSDT,ask,158,35311.0
2024-08-25 20:17:42,SOLUSDT,ask,158,35307.0
2024-08-25 20:17:43,SOLUSDT,ask,158,35311.0
2024-08-25 20:17:44,SOLUSDT,ask,158,35351.0
2024-08-25 20:17:44,SOLUSDT,ask,158,35357.0
2024-08-25 20:17:44,SOLUSDT,ask,158,35307.0
2024-08-25 20:17:46,SOLUSDT,ask,158,35357.0
2024-08-25 20:17:47,SOLUSDT,ask,158,35307.0
2024-08-25 20:17:49,SOLUSDT,ask,158,35531.0
2024-08-25 20:17:49,SOLUSDT,ask,158,35307.0
2024-08-25 20:17:49,SOLUSDT,ask,158,35308.0
2024-08-25 20:17:49,SOLUSDT,ask,158,35312.0
2024-08-25 20:17:53,SOLUSDT,ask,158,35308.0
2024-08-25 20:17:56,SOLUSDT,ask,158,35352.0
2024-08-25 20:17:56,SOLUSDT,ask,158,35308.0
2024-08-25 20:17:58,SOLUSDT,ask,158,35310.0
2024-08-25 20:18:07,SOLUSDT,ask,158,35308.0
2024-08-25 20:18:07,SOLUSDT,ask,158,35339.0
2024-08-25 20:18:07,SOLUSDT,ask,158,35307.0
2024-08-25 20:18:09,SOLUSDT,ask,158,35262.0
2024-08-25 20:18:10,SOLUSDT,ask,158,35262.0
2024-08-25 20:18:11,SOLUSDT,ask,158,35294.0
2024-08-25 20:18:11,SOLUSDT,ask,158,35262.0
2024-08-25 20:18:14,SOLUSDT,ask,158,35266.0
2024-08-25 20:18:14,SOLUSDT,ask,158,35262.0
2024-08-25 20:18:15,SOLUSDT,ask,158,35266.0
2024-08-25 20:18:15,SOLUSDT,ask,158,35262.0
2024-08-25 20:18:15,SOLUSDT,ask,158,35268.0
2024-08-25 20:18:16,SOLUSDT,ask,158,35262.0
2024-08-25 20:18:17,SOLUSDT,ask,158,35268.0
2024-08-25 20:18:17,SOLUSDT,ask,158,35262.0
2024-08-25 20:18:17,SOLUSDT,ask,158,35268.0
2024-08-25 20:18:18,SOLUSDT,ask,158,35262.0
2024-08-25 20:18:18,SOLUSDT,ask,158,35268.0
2024-08-25 20:18:19,SOLUSDT,ask,158,35262.0
2024-08-25 20:18:20,SOLUSDT,ask,158,35268.0
2024-08-25 20:18:20,SOLUSDT,ask,158,35262.0
2024-08-25 20:18:21,SOLUSDT,ask,158,35262.0
2024-08-25 20:18:21,SOLUSDT,ask,158,35268.0
2024-08-25 20:18:21,SOLUSDT,ask,158,35262.0
2024-08-25 20:18:22,SOLUSDT,ask,158,34811.0
2024-08-25 20:18:22,SOLUSDT,ask,158,34871.0
2024-08-25 20:18:22,SOLUSDT,ask,158,34877.0
2024-08-25 20:18:22,SOLUSDT,ask,158,35035.0
2024-08-25 20:18:22,SOLUSDT,ask,158,35041.0
2024-08-25 20:18:22,SOLUSDT,ask,158,35200.0
2024-08-25 20:18:22,SOLUSDT,ask,158,35202.0
2024-08-25 20:18:22,SOLUSDT,ask,158,35044.0
2024-08-25 20:18:23,SOLUSDT,ask,158,35045.0
2024-08-25 20:18:23,SOLUSDT,ask,158,35019.0
2024-08-25 20:18:23,SOLUSDT,ask,158,35025.0
2024-08-25 20:18:23,SOLUSDT,ask,158,34867.0
2024-08-25 20:18:23,SOLUSDT,ask,158,34873.0
2024-08-25 20:18:23,SOLUSDT,ask,158,34867.0
2024-08-25 20:18:23,SOLUSDT,ask,158,34853.0
2024-08-25 20:18:24,SOLUSDT,ask,158,34832.0
2024-08-25 20:18:24,SOLUSDT,ask,158,34838.0
2024-08-25 20:18:24,SOLUSDT,ask,158,34838.0
2024-08-25 20:18:24,SOLUSDT,ask,158,34841.0
2024-08-25 20:18:24,SOLUSDT,ask,158,34844.0
2024-08-25 20:18:24,SOLUSDT,ask,158,34882.0
2024-08-25 20:18:25,SOLUSDT,ask,158,34861.0
2024-08-25 20:18:25,SOLUSDT,ask,158,34867.0
2024-08-25 20:18:25,SOLUSDT,ask,158,34861.0
2024-08-25 20:18:25,SOLUSDT,ask,158,34855.0
2024-08-25 20:18:26,SOLUSDT,ask,158,34849.0
2024-08-25 20:18:26,SOLUSDT,ask,158,34846.0
2024-08-25 20:18:26,SOLUSDT,ask,158,34846.0
2024-08-25 20:18:26,SOLUSDT,ask,158,34851.0
2024-08-25 20:18:26,SOLUSDT,ask,158,34813.0
2024-08-25 20:18:26,SOLUSDT,ask,158,34801.0
2024-08-25 20:18:27,SOLUSDT,ask,158,34801.0
2024-08-25 20:18:27,SOLUSDT,ask,158,34353.0
2024-08-25 20:18:27,SOLUSDT,ask,158,34359.0
2024-08-25 20:18:27,SOLUSDT,ask,158,34353.0
2024-08-25 20:18:27,SOLUSDT,ask,158,34359.0
2024-08-25 20:18:28,SOLUSDT,ask,158,34356.0
2024-08-25 20:18:28,SOLUSDT,ask,158,34350.0
2024-08-25 20:18:28,SOLUSDT,ask,158,34340.0
2024-08-25 20:18:28,SOLUSDT,ask,158,34337.0
2024-08-25 20:18:29,SOLUSDT,ask,158,34337.0
2024-08-25 20:18:29,SOLUSDT,ask,158,34327.0
2024-08-25 20:18:29,SOLUSDT,ask,158,34324.0
2024-08-25 20:18:29,SOLUSDT,ask,158,34383.0
2024-08-25 20:18:30,SOLUSDT,ask,158,34384.0
2024-08-25 20:18:30,SOLUSDT,ask,158,34408.0
2024-08-25 20:18:30,SOLUSDT,ask,158,34402.0
2024-08-25 20:18:30,SOLUSDT,ask,158,32289.0
2024-08-25 20:18:30,SOLUSDT,ask,158,32292.0
2024-08-25 20:18:31,SOLUSDT,ask,158,32290.0
2024-08-25 20:18:31,SOLUSDT,ask,158,32283.0
2024-08-25 20:18:31,SOLUSDT,ask,158,32292.0
2024-08-25 20:18:31,SOLUSDT,ask,158,32315.0
2024-08-25 20:18:32,SOLUSDT,ask,158,32321.0
2024-08-25 20:18:32,SOLUSDT,ask,158,32315.0
2024-08-25 20:18:32,SOLUSDT,ask,158,32318.0
2024-08-25 20:18:32,SOLUSDT,ask,158,32317.0
2024-08-25 20:18:32,SOLUSDT,ask,158,32318.0
2024-08-25 20:18:33,SOLUSDT,ask,158,32338.0
2024-08-25 20:18:33,SOLUSDT,ask,158,32337.0
2024-08-25 20:18:33,SOLUSDT,ask,158,32403.0
2024-08-25 20:18:34,SOLUSDT,ask,158,32287.0
2024-08-25 20:18:34,SOLUSDT,ask,158,32266.0
2024-08-25 20:18:34,SOLUSDT,ask,158,32235.0
2024-08-25 20:18:34,SOLUSDT,ask,158,32229.0
2024-08-25 20:18:34,SOLUSDT,ask,158,32224.0
2024-08-25 20:18:35,SOLUSDT,ask,158,32218.0
2024-08-25 20:18:35,SOLUSDT,ask,158,32212.0
2024-08-25 20:18:35,SOLUSDT,ask,158,32206.0
2024-08-25 20:18:35,SOLUSDT,ask,158,32163.0
2024-08-25 20:18:35,SOLUSDT,ask,158,32165.0
2024-08-25 20:18:36,SOLUSDT,ask,158,32161.0
2024-08-25 20:18:37,SOLUSDT,ask,158,32011.0
2024-08-25 20:18:37,SOLUSDT,ask,158,32009.0
2024-08-25 20:18:39,SOLUSDT,ask,158,32001.0
2024-08-25 20:18:39,SOLUSDT,ask,158,31995.0
2024-08-25 20:18:39,SOLUSDT,ask,158,31869.0
2024-08-25 20:18:39,SOLUSDT,ask,158,31863.0
2024-08-25 20:18:39,SOLUSDT,ask,158,31857.0
2024-08-25 20:18:39,SOLUSDT,ask,158,31851.0
2024-08-25 20:18:40,SOLUSDT,ask,158,31845.0
2024-08-25 20:18:40,SOLUSDT,ask,158,31838.0
2024-08-25 20:21:13,SOLUSDT,ask,175,32675.0
2024-08-25 20:22:32,SOLUSDT,ask,178,30656.0
2024-08-25 20:24:57,SOLUSDT,ask,175,32694.0
2024-08-25 20:25:30,SOLUSDT,ask,176,29229.0
2024-08-25 20:25:38,SOLUSDT,ask,178,30658.0
2024-08-25 20:54:21,SOLUSDT,ask,178,30669.0
2024-08-25 21:01:55,SOLUSDT,ask,175,32814.0
2024-08-25 21:12:57,SOLUSDT,ask,176,29249.0
2024-08-25 21:22:01,SOLUSDT,ask,176,29194.0
2024-08-25 21:43:04,SOLUSDT,ask,175,32776.0
2024-08-25 21:50:48,SOLUSDT,ask,176,29197.0
2024-08-25 21:52:26,SOLUSDT,ask,176,29194.0
2024-08-25 22:08:13,SOLUSDT,ask,175,32777.0
2024-08-25 22:10:17,SOLUSDT,ask,175,32776.0
2024-08-25 22:23:45,SOLUSDT,ask,176,28512.0
2024-08-25 22:33:19,SOLUSDT,ask,175,32656.0
2024-08-25 22:33:33,SOLUSDT,ask,175,32657.0
2024-08-25 22:34:07,SOLUSDT,ask,176,28513.0
2024-08-25 23:06:01,SOLUSDT,ask,176,28515.0
2024-08-25 23:06:01,SOLUSDT,ask,176,28517.0
2024-08-25 23:16:01,SOLUSDT,ask,176,28515.0
2024-08-25 23:16:01,SOLUSDT,ask,176,28513.0
2024-08-25 23:24:12,SOLUSDT,ask,176,28514.0
2024-08-25 23:29:01,SOLUSDT,ask,175,32659.0
2024-08-26 00:17:18,SOLUSDT,ask,175,32640.0
2024-08-26 00:33:26,SOLUSDT,ask,163,7047.0
2024-08-26 00:34:07,SOLUSDT,ask,162,8838.0
2024-08-26 00:34:11,SOLUSDT,ask,165,9922.0
2024-08-26 00:34:13,SOLUSDT,bid,150,9699.0
2024-08-26 00:34:14,SOLUSDT,ask,162,8829.0
2024-08-26 00:35:34,SOLUSDT,bid,140,9416.0
2024-08-26 00:35:34,SOLUSDT,bid,148,7405.0
2024-08-26 00:35:34,SOLUSDT,bid,155,9812.0
2024-08-26 00:35:34,SOLUSDT,ask,167,11246.0
2024-08-26 00:35:34,SOLUSDT,ask,170,7683.0
2024-08-26 00:35:40,SOLUSDT,bid,155,9808.0
2024-08-26 00:35:44,SOLUSDT,ask,162,8831.0
2024-08-26 00:36:14,SOLUSDT,bid,155,9798.0
2024-08-26 00:36:59,SOLUSDT,bid,138,12588.0
2024-08-26 00:37:03,SOLUSDT,bid,140,9411.0
2024-08-26 00:37:03,SOLUSDT,bid,148,7400.0
2024-08-26 00:37:03,SOLUSDT,bid,155,9793.0
2024-08-26 00:37:03,SOLUSDT,ask,167,11242.0
2024-08-26 00:37:03,SOLUSDT,ask,170,7679.0
2024-08-26 00:37:03,SOLUSDT,bid,148,19721.0
2024-08-26 00:37:34,SOLUSDT,bid,155,9799.0
2024-08-26 00:38:08,SOLUSDT,bid,148,19716.0
2024-08-26 00:38:11,SOLUSDT,ask,165,9934.0
2024-08-26 00:38:54,SOLUSDT,bid,155,9800.0
2024-08-26 00:39:38,SOLUSDT,bid,150,9698.0
2024-08-26 00:39:55,SOLUSDT,ask,172,11792.0
2024-08-26 00:41:38,SOLUSDT,bid,150,14012.0
2024-08-26 00:41:39,SOLUSDT,ask,162,8832.0
2024-08-26 00:42:14,SOLUSDT,ask,163,7073.0
2024-08-26 00:42:14,SOLUSDT,ask,165,9932.0
2024-08-26 00:42:37,SOLUSDT,ask,165,9920.0
2024-08-26 00:42:46,SOLUSDT,ask,174,11519.0
2024-08-26 00:42:46,SOLUSDT,ask,174,11517.0
2024-08-26 00:43:02,SOLUSDT,ask,163,7074.0
2024-08-26 00:43:22,SOLUSDT,ask,163,7083.0
2024-08-26 00:44:13,SOLUSDT,ask,170,7684.0
2024-08-26 00:44:28,SOLUSDT,ask,162,8836.0
2024-08-26 00:45:00,SOLUSDT,bid,155,9801.0
2024-08-26 00:46:06,SOLUSDT,bid,155,9791.0
2024-08-26 00:46:30,SOLUSDT,bid,155,9798.0
2024-08-26 00:46:43,SOLUSDT,ask,162,8786.0
2024-08-26 00:47:03,SOLUSDT,ask,170,7693.0
2024-08-26 00:47:14,SOLUSDT,bid,150,9699.0
2024-08-26 00:47:30,SOLUSDT,bid,150,9698.0
2024-08-26 00:47:34,SOLUSDT,ask,162,8806.0
2024-08-26 00:47:52,SOLUSDT,ask,165,10020.0
2024-08-26 00:47:58,SOLUSDT,ask,163,7073.0
2024-08-26 00:48:47,SOLUSDT,ask,165,10048.0
2024-08-26 00:49:34,SOLUSDT,ask,165,10047.0
2024-08-26 00:49:45,SOLUSDT,bid,150,9695.0
2024-08-26 00:50:13,SOLUSDT,ask,165,10045.0
2024-08-26 00:50:36,SOLUSDT,ask,167,11240.0
2024-08-26 00:50:37,SOLUSDT,ask,163,7071.0
2024-08-26 00:50:44,SOLUSDT,ask,170,7698.0
2024-08-26 00:51:46,SOLUSDT,bid,155,9799.0
2024-08-26 00:52:01,SOLUSDT,bid,150,9696.0
2024-08-26 00:52:07,SOLUSDT,bid,140,9412.0
2024-08-26 00:52:54,SOLUSDT,ask,172,11798.0
2024-08-26 00:53:03,SOLUSDT,ask,163,7090.0
2024-08-26 00:53:03,SOLUSDT,ask,162,8809.0
2024-08-26 00:53:04,SOLUSDT,bid,155,9831.0
2024-08-26 00:53:28,SOLUSDT,bid,150,9702.0
2024-08-26 00:53:41,SOLUSDT,ask,162,8810.0
2024-08-26 00:54:09,SOLUSDT,ask,178,11201.0
2024-08-26 00:54:30,SOLUSDT,ask,162,8817.0
2024-08-26 00:54:43,SOLUSDT,ask,165,10046.0
2024-08-26 00:54:46,SOLUSDT,bid,155,9832.0
2024-08-26 00:54:57,SOLUSDT,bid,155,9847.0
2024-08-26 00:55:29,SOLUSDT,ask,162,8819.0
2024-08-26 00:55:39,SOLUSDT,bid,155,9848.0
2024-08-26 00:55:47,SOLUSDT,ask,175,32681.0
2024-08-26 00:55:54,SOLUSDT,ask,163,7086.0
2024-08-26 00:56:21,SOLUSDT,bid,155,9847.0
2024-08-26 00:56:25,SOLUSDT,bid,155,9848.0
2024-08-26 00:56:25,SOLUSDT,ask,165,10047.0
2024-08-26 00:56:35,SOLUSDT,ask,162,8784.0
2024-08-26 00:56:37,SOLUSDT,ask,170,7699.0
2024-08-26 00:57:20,SOLUSDT,ask,162,9089.0
2024-08-26 00:57:42,SOLUSDT,ask,165,10057.0
2024-08-26 00:58:08,SOLUSDT,ask,163,7068.0
2024-08-26 00:58:10,SOLUSDT,bid,155,9816.0
2024-08-26 00:58:13,SOLUSDT,bid,150,9703.0
2024-08-26 00:58:24,SOLUSDT,ask,163,7078.0
2024-08-26 00:58:36,SOLUSDT,ask,165,10057.0
2024-08-26 00:58:39,SOLUSDT,bid,148,20000.0
2024-08-26 00:59:39,SOLUSDT,ask,162,8990.0
2024-08-26 01:00:00,SOLUSDT,bid,140,9411.0
2024-08-26 01:00:07,SOLUSDT,ask,165,10087.0
2024-08-26 01:00:34,SOLUSDT,ask,162,9030.0
2024-08-26 01:02:02,SOLUSDT,ask,162,9110.0
2024-08-26 01:02:11,SOLUSDT,ask,167,11268.0
2024-08-26 01:02:55,SOLUSDT,bid,155,9815.0
2024-08-26 01:02:55,SOLUSDT,ask,165,10086.0
2024-08-26 01:03:07,SOLUSDT,ask,163,7082.0
2024-08-26 01:03:35,SOLUSDT,ask,162,9082.0
2024-08-26 01:03:39,SOLUSDT,ask,162,9080.0
2024-08-26 01:03:50,SOLUSDT,ask,175,32682.0
2024-08-26 01:04:34,SOLUSDT,bid,148,19764.0
2024-08-26 01:04:55,SOLUSDT,bid,148,19780.0
2024-08-26 01:05:34,SOLUSDT,bid,148,19732.0
2024-08-26 01:05:48,SOLUSDT,bid,155,9813.0
2024-08-26 01:05:49,SOLUSDT,ask,162,9076.0
2024-08-26 01:05:56,SOLUSDT,bid,148,19716.0
2024-08-26 01:05:56,SOLUSDT,bid,148,19732.0
2024-08-26 01:06:23,SOLUSDT,ask,162,9015.0
2024-08-26 01:06:23,SOLUSDT,ask,162,8771.0
2024-08-26 01:06:26,SOLUSDT,bid,155,9815.0
2024-08-26 01:06:35,SOLUSDT,bid,148,19780.0
2024-08-26 01:06:55,SOLUSDT,bid,148,19764.0
2024-08-26 01:07:08,SOLUSDT,bid,155,9814.0
2024-08-26 01:07:35,SOLUSDT,bid,148,19716.0
2024-08-26 01:07:48,SOLUSDT,bid,155,9737.0
2024-08-26 01:08:14,SOLUSDT,ask,162,8772.0
2024-08-26 01:08:48,SOLUSDT,bid,155,9739.0
2024-08-26 01:09:16,SOLUSDT,ask,163,7081.0
2024-08-26 01:09:38,SOLUSDT,bid,158,6352.0
2024-08-26 01:09:44,SOLUSDT,bid,155,9753.0
2024-08-26 01:09:47,SOLUSDT,bid,158,6453.0
2024-08-26 01:10:02,SOLUSDT,ask,163,7066.0
2024-08-26 01:10:25,SOLUSDT,ask,163,7065.0
2024-08-26 01:10:46,SOLUSDT,bid,150,9702.0
2024-08-26 01:10:46,SOLUSDT,ask,162,8771.0
2024-08-26 01:10:46,SOLUSDT,ask,158,6328.0
2024-08-26 01:10:46,SOLUSDT,ask,158,6341.0
2024-08-26 01:10:46,SOLUSDT,ask,158,6381.0
2024-08-26 01:11:13,SOLUSDT,bid,155,9754.0
2024-08-26 01:12:07,SOLUSDT,bid,155,9758.0
2024-08-26 01:12:59,SOLUSDT,bid,155,9754.0
2024-08-26 01:13:18,SOLUSDT,bid,155,9757.0
2024-08-26 01:14:09,SOLUSDT,bid,155,9762.0
2024-08-26 01:14:17,SOLUSDT,bid,155,9748.0
2024-08-26 01:14:21,SOLUSDT,ask,163,7075.0
2024-08-26 01:14:32,SOLUSDT,bid,155,9750.0
2024-08-26 01:15:01,SOLUSDT,ask,162,8774.0
2024-08-26 01:15:11,SOLUSDT,ask,162,8757.0
2024-08-26 01:15:17,SOLUSDT,bid,155,9749.0
2024-08-26 01:15:33,SOLUSDT,ask,162,8756.0
2024-08-26 01:15:44,SOLUSDT,ask,165,10079.0
2024-08-26 01:16:24,SOLUSDT,bid,155,9750.0
2024-08-26 01:18:08,SOLUSDT,bid,150,9686.0
2024-08-26 01:18:08,SOLUSDT,ask,175,32683.0
2024-08-26 01:18:15,SOLUSDT,bid,155,9766.0
2024-08-26 01:18:27,SOLUSDT,bid,155,9764.0
2024-08-26 01:18:40,SOLUSDT,bid,155,9761.0
2024-08-26 01:18:53,SOLUSDT,bid,150,9486.0
2024-08-26 01:20:12,SOLUSDT,bid,155,9882.0
2024-08-26 01:20:42,SOLUSDT,bid,155,9761.0
2024-08-26 01:20:47,SOLUSDT,bid,155,9821.0
2024-08-26 01:21:09,SOLUSDT,ask,162,8757.0
2024-08-26 01:21:10,SOLUSDT,bid,155,9823.0
2024-08-26 01:21:19,SOLUSDT,bid,155,9783.0
2024-08-26 01:21:32,SOLUSDT,ask,162,8759.0
2024-08-26 01:21:52,SOLUSDT,ask,162,8757.0
2024-08-26 01:23:23,SOLUSDT,ask,162,8758.0
2024-08-26 01:23:49,SOLUSDT,ask,165,10085.0
2024-08-26 01:24:43,SOLUSDT,bid,150,14002.0
2024-08-26 01:24:46,SOLUSDT,bid,150,9476.0
2024-08-26 01:24:48,SOLUSDT,ask,165,10061.0
2024-08-26 01:25:05,SOLUSDT,ask,162,8757.0
2024-08-26 01:25:15,SOLUSDT,ask,162,8758.0
2024-08-26 01:25:15,SOLUSDT,ask,165,10062.0
2024-08-26 01:25:39,SOLUSDT,ask,162,8757.0
2024-08-26 01:25:50,SOLUSDT,ask,165,10063.0
2024-08-26 01:25:50,SOLUSDT,ask,163,7076.0
2024-08-26 01:26:09,SOLUSDT,bid,150,9477.0
2024-08-26 01:26:09,SOLUSDT,ask,165,10064.0
2024-08-26 01:26:15,SOLUSDT,ask,170,7700.0
2024-08-26 01:27:11,SOLUSDT,bid,150,9476.0
2024-08-26 01:28:55,SOLUSDT,bid,158,6318.0
2024-08-26 01:28:55,SOLUSDT,ask,167,11272.0
2024-08-26 01:29:00,SOLUSDT,bid,158,6593.0
2024-08-26 01:29:05,SOLUSDT,bid,158,6309.0
2024-08-26 01:29:07,SOLUSDT,bid,158,6341.0
2024-08-26 01:29:08,SOLUSDT,bid,158,6363.0
2024-08-26 01:29:14,SOLUSDT,ask,162,8771.0
2024-08-26 01:29:14,SOLUSDT,bid,158,6312.0
2024-08-26 01:29:15,SOLUSDT,bid,158,6312.0
2024-08-26 01:29:15,SOLUSDT,bid,158,6594.0
2024-08-26 01:29:16,SOLUSDT,bid,158,6595.0
2024-08-26 01:29:21,SOLUSDT,ask,162,8770.0
2024-08-26 01:29:35,SOLUSDT,ask,160,7276.0
2024-08-26 01:29:36,SOLUSDT,ask,167,11268.0
2024-08-26 01:30:51,SOLUSDT,ask,160,7278.0
2024-08-26 01:30:53,SOLUSDT,bid,155,10101.0
2024-08-26 01:31:40,SOLUSDT,ask,160,7340.0
2024-08-26 01:31:46,SOLUSDT,bid,150,9479.0
2024-08-26 01:32:18,SOLUSDT,ask,178,30779.0
2024-08-26 01:32:24,SOLUSDT,bid,150,9473.0
2024-08-26 01:32:51,SOLUSDT,ask,162,8771.0
2024-08-26 01:32:57,SOLUSDT,ask,163,7006.0
2024-08-26 01:33:05,SOLUSDT,bid,150,9543.0
2024-08-26 01:33:33,SOLUSDT,bid,140,9412.0
2024-08-26 01:33:57,SOLUSDT,ask,178,30775.0
2024-08-26 01:34:42,SOLUSDT,bid,148,19764.0
2024-08-26 01:34:55,SOLUSDT,bid,148,19780.0
2024-08-26 01:34:58,SOLUSDT,ask,162,8808.0
2024-08-26 01:35:42,SOLUSDT,bid,148,19732.0
2024-08-26 01:35:45,SOLUSDT,bid,150,9544.0
2024-08-26 01:35:56,SOLUSDT,bid,148,19716.0
2024-08-26 01:36:43,SOLUSDT,bid,150,9543.0
2024-08-26 01:36:49,SOLUSDT,ask,163,7025.0
2024-08-26 01:38:48,SOLUSDT,bid,156,8661.0
2024-08-26 01:39:17,SOLUSDT,ask,171,8376.0
2024-08-26 01:39:55,SOLUSDT,bid,138,12586.0
2024-08-26 01:40:30,SOLUSDT,ask,163,7015.0
2024-08-26 01:40:31,SOLUSDT,ask,162,8866.0
2024-08-26 01:40:52,SOLUSDT,bid,148,19717.0
2024-08-26 01:40:58,SOLUSDT,bid,155,10085.0
2024-08-26 01:41:10,SOLUSDT,ask,162,8808.0
2024-08-26 01:41:52,SOLUSDT,bid,155,10084.0
2024-08-26 01:42:28,SOLUSDT,bid,155,10078.0
2024-08-26 01:43:14,SOLUSDT,bid,156,6458.0
2024-08-26 01:43:26,SOLUSDT,bid,155,10118.0
2024-08-26 01:43:50,SOLUSDT,bid,155,10078.0
2024-08-26 01:43:58,SOLUSDT,ask,167,11239.0
2024-08-26 01:44:02,SOLUSDT,bid,155,10077.0
2024-08-26 01:44:21,SOLUSDT,ask,163,7050.0
2024-08-26 01:44:29,SOLUSDT,ask,171,8398.0
2024-08-26 01:44:46,SOLUSDT,bid,155,10076.0
2024-08-26 01:44:46,SOLUSDT,bid,156,8660.0
2024-08-26 01:44:46,SOLUSDT,bid,156,6457.0
2024-08-26 01:44:46,SOLUSDT,ask,163,7015.0
2024-08-26 01:45:18,SOLUSDT,ask,163,7016.0
2024-08-26 01:45:30,SOLUSDT,ask,162,8807.0
2024-08-26 01:45:46,SOLUSDT,ask,162,8808.0
2024-08-26 01:46:08,SOLUSDT,ask,175,33254.0
2024-08-26 01:46:59,SOLUSDT,ask,167,11242.0
2024-08-26 01:47:29,SOLUSDT,ask,162,9008.0
2024-08-26 01:47:43,SOLUSDT,bid,156,6463.0
2024-08-26 01:47:46,SOLUSDT,ask,163,7116.0
2024-08-26 01:49:19,SOLUSDT,ask,162,9130.0
2024-08-26 01:49:39,SOLUSDT,ask,162,9131.0
2024-08-26 01:49:43,SOLUSDT,ask,162,9130.0
2024-08-26 01:50:10,SOLUSDT,bid,140,9416.0
2024-08-26 01:50:19,SOLUSDT,bid,156,8672.0
2024-08-26 01:50:21,SOLUSDT,bid,155,10077.0
2024-08-26 01:51:29,SOLUSDT,bid,140,9414.0
2024-08-26 01:51:32,SOLUSDT,ask,163,7101.0
2024-08-26 01:51:46,SOLUSDT,bid,156,8660.0
2024-08-26 01:51:48,SOLUSDT,bid,156,8670.0
2024-08-26 01:52:18,SOLUSDT,bid,156,6400.0
2024-08-26 01:53:06,SOLUSDT,ask,162,9133.0
2024-08-26 01:53:07,SOLUSDT,bid,155,10045.0
2024-08-26 01:53:53,SOLUSDT,ask,162,9011.0
2024-08-26 01:54:14,SOLUSDT,ask,163,7100.0
2024-08-26 01:54:27,SOLUSDT,ask,162,9019.0
2024-08-26 01:55:03,SOLUSDT,bid,150,9598.0
2024-08-26 01:55:56,SOLUSDT,bid,140,9415.0
2024-08-26 01:57:13,SOLUSDT,bid,155,10060.0
2024-08-26 01:57:36,SOLUSDT,bid,156,8680.0
2024-08-26 01:57:51,SOLUSDT,ask,167,11243.0
2024-08-26 01:57:58,SOLUSDT,bid,140,9413.0
2024-08-26 01:57:58,SOLUSDT,bid,150,9597.0
2024-08-26 01:58:09,SOLUSDT,ask,167,11242.0
2024-08-26 01:58:32,SOLUSDT,ask,163,7101.0
2024-08-26 01:58:49,SOLUSDT,bid,156,8711.0
2024-08-26 01:59:01,SOLUSDT,bid,150,9598.0
2024-08-26 01:59:08,SOLUSDT,bid,150,9604.0
2024-08-26 01:59:34,SOLUSDT,ask,163,7126.0
2024-08-26 02:00:14,SOLUSDT,bid,150,9637.0
2024-08-26 02:01:14,SOLUSDT,ask,162,9021.0
2024-08-26 02:01:37,SOLUSDT,ask,163,7117.0
2024-08-26 02:01:39,SOLUSDT,ask,163,7109.0
2024-08-26 02:01:43,SOLUSDT,ask,162,9016.0
2024-08-26 02:02:07,SOLUSDT,ask,162,9014.0
2024-08-26 02:02:12,SOLUSDT,bid,155,10136.0
2024-08-26 02:02:36,SOLUSDT,bid,150,9657.0
2024-08-26 02:04:02,SOLUSDT,bid,150,9668.0
2024-08-26 02:04:50,SOLUSDT,bid,148,7448.0
2024-08-26 02:04:57,SOLUSDT,bid,148,7464.0
2024-08-26 02:05:36,SOLUSDT,ask,180,5557.0
2024-08-26 02:05:45,SOLUSDT,bid,156,8701.0
2024-08-26 02:05:50,SOLUSDT,bid,148,7416.0
2024-08-26 02:05:55,SOLUSDT,bid,148,7400.0
2024-08-26 02:05:56,SOLUSDT,ask,162,9021.0
2024-08-26 02:06:09,SOLUSDT,bid,155,10135.0
2024-08-26 02:06:21,SOLUSDT,bid,156,8700.0
2024-08-26 02:06:30,SOLUSDT,ask,162,9071.0
2024-08-26 02:08:15,SOLUSDT,bid,156,8702.0
2024-08-26 02:08:57,SOLUSDT,ask,163,7099.0
2024-08-26 02:09:09,SOLUSDT,ask,162,9051.0
2024-08-26 02:09:44,SOLUSDT,ask,163,7130.0
2024-08-26 02:09:52,SOLUSDT,ask,162,9069.0
2024-08-26 02:10:26,SOLUSDT,bid,156,8752.0
2024-08-26 02:10:30,SOLUSDT,ask,170,7701.0
2024-08-26 02:10:49,SOLUSDT,ask,170,7699.0
2024-08-26 02:10:54,SOLUSDT,bid,155,10137.0
2024-08-26 02:10:59,SOLUSDT,bid,150,9669.0
2024-08-26 02:11:04,SOLUSDT,bid,140,9423.0
2024-08-26 02:11:23,SOLUSDT,ask,163,7099.0
2024-08-26 02:12:29,SOLUSDT,ask,163,7100.0
2024-08-26 02:12:59,SOLUSDT,bid,148,20002.0
2024-08-26 02:13:24,SOLUSDT,bid,148,20000.0
2024-08-26 02:13:41,SOLUSDT,bid,155,10165.0
2024-08-26 02:14:02,SOLUSDT,ask,163,7101.0
2024-08-26 02:14:04,SOLUSDT,ask,163,7559.0
2024-08-26 02:14:10,SOLUSDT,bid,155,10166.0
2024-08-26 02:15:20,SOLUSDT,bid,155,10163.0
2024-08-26 02:15:20,SOLUSDT,ask,170,7698.0
2024-08-26 02:15:53,SOLUSDT,ask,162,9073.0
2024-08-26 02:15:53,SOLUSDT,ask,163,7555.0
2024-08-26 02:16:27,SOLUSDT,bid,155,10164.0
2024-08-26 02:16:27,SOLUSDT,ask,170,7699.0
2024-08-26 02:16:56,SOLUSDT,ask,162,9050.0
2024-08-26 02:17:10,SOLUSDT,ask,162,9046.0
2024-08-26 02:17:33,SOLUSDT,bid,155,10225.0
2024-08-26 02:17:37,SOLUSDT,ask,162,9048.0
2024-08-26 02:18:45,SOLUSDT,ask,163,8086.0
2024-08-26 02:18:45,SOLUSDT,ask,167,11243.0
2024-08-26 02:18:50,SOLUSDT,bid,155,10263.0
2024-08-26 02:19:16,SOLUSDT,ask,162,9098.0
2024-08-26 02:19:39,SOLUSDT,ask,162,9103.0
2024-08-26 02:19:41,SOLUSDT,ask,170,7709.0
2024-08-26 02:20:09,SOLUSDT,bid,155,10264.0
2024-08-26 02:22:04,SOLUSDT,bid,148,20002.0
2024-08-26 02:22:29,SOLUSDT,bid,148,20000.0
2024-08-26 02:22:34,SOLUSDT,bid,155,10203.0
2024-08-26 02:22:57,SOLUSDT,bid,150,9658.0
2024-08-26 02:23:04,SOLUSDT,bid,150,9660.0
2024-08-26 02:23:33,SOLUSDT,ask,162,9104.0
2024-08-26 02:23:33,SOLUSDT,bid,155,10239.0
2024-08-26 02:23:51,SOLUSDT,ask,162,9102.0
2024-08-26 02:25:08,SOLUSDT,bid,150,9659.0
2024-08-26 02:25:08,SOLUSDT,ask,162,9101.0
2024-08-26 02:25:22,SOLUSDT,bid,155,10233.0
2024-08-26 02:28:20,SOLUSDT,bid,148,19718.0
2024-08-26 02:28:38,SOLUSDT,bid,155,10234.0
2024-08-26 02:30:26,SOLUSDT,bid,155,10235.0
2024-08-26 02:30:26,SOLUSDT,ask,162,9102.0
2024-08-26 02:31:23,SOLUSDT,bid,155,10233.0
2024-08-26 02:32:42,SOLUSDT,bid,148,19719.0
2024-08-26 02:33:15,SOLUSDT,bid,150,9658.0
2024-08-26 02:33:37,SOLUSDT,ask,163,8083.0
2024-08-26 02:33:53,SOLUSDT,bid,138,12587.0
2024-08-26 02:34:41,SOLUSDT,bid,155,10232.0
2024-08-26 02:34:41,SOLUSDT,ask,162,9101.0
2024-08-26 02:34:50,SOLUSDT,bid,153,6563.0
2024-08-26 02:34:52,SOLUSDT,bid,155,10532.0
2024-08-26 02:35:44,SOLUSDT,bid,150,9638.0
2024-08-26 02:35:44,SOLUSDT,bid,150,9938.0
2024-08-26 02:35:51,SOLUSDT,bid,140,9443.0
2024-08-26 02:35:52,SOLUSDT,bid,138,12681.0
2024-08-26 02:35:52,SOLUSDT,ask,162,9121.0
2024-08-26 02:35:59,SOLUSDT,ask,162,9071.0
2024-08-26 02:36:17,SOLUSDT,ask,162,9078.0
2024-08-26 02:36:29,SOLUSDT,bid,155,10517.0
2024-08-26 02:36:32,SOLUSDT,bid,155,10522.0
2024-08-26 02:36:42,SOLUSDT,bid,155,10521.0
2024-08-26 02:37:00,SOLUSDT,bid,150,9946.0
2024-08-26 02:37:10,SOLUSDT,bid,148,19734.0
2024-08-26 02:37:25,SOLUSDT,bid,155,10520.0
2024-08-26 02:38:04,SOLUSDT,bid,155,10533.0
2024-08-26 02:38:53,SOLUSDT,bid,156,7356.0
2024-08-26 02:39:01,SOLUSDT,bid,148,10004.0
2024-08-26 02:39:01,SOLUSDT,bid,150,9926.0
2024-08-26 02:39:36,SOLUSDT,ask,171,8383.0
2024-08-26 02:40:42,SOLUSDT,ask,162,9079.0
2024-08-26 02:40:57,SOLUSDT,ask,162,9078.0
2024-08-26 02:41:00,SOLUSDT,bid,148,10000.0
2024-08-26 02:41:33,SOLUSDT,bid,155,10535.0
2024-08-26 02:41:54,SOLUSDT,ask,162,9080.0
2024-08-26 02:42:07,SOLUSDT,bid,138,12592.0
2024-08-26 02:42:34,SOLUSDT,bid,155,10534.0
