2024-08-14 07:01:42,BTCUSDT,ask,61800,539.866
2024-08-14 07:06:54,BTCUSDT,ask,61800,539.701
2024-08-14 07:07:20,BTCUSDT,ask,61800,539.687
2024-08-14 07:11:35,BTCUSDT,ask,61800,539.678
2024-08-14 07:11:48,BTCUSDT,bid,47000,874.33
2024-08-14 07:12:31,BTCUSDT,ask,61800,539.576
2024-08-14 07:13:53,BTCUSDT,ask,61800,539.574
2024-08-14 07:15:50,BTCUSDT,ask,61800,539.654
2024-08-14 07:22:59,BTCUSDT,ask,61800,539.493
2024-08-14 07:23:06,BTCUSDT,ask,61800,539.393
2024-08-14 07:24:02,BTCUSDT,ask,61800,539.411
2024-08-14 07:24:51,BTCUSDT,ask,61800,536.782
2024-08-14 07:27:17,BTCUSDT,ask,61800,536.702
2024-08-14 07:30:04,BTCUSDT,ask,61800,536.704
2024-08-14 07:33:21,BTCUSDT,ask,61800,536.648
2024-08-14 07:33:24,BTCUSDT,ask,61800,536.607
2024-08-14 07:33:35,BTCUSDT,ask,61800,536.687
2024-08-14 07:34:29,BTCUSDT,ask,61800,536.684
2024-08-14 07:34:34,BTCUSDT,ask,61800,536.682
2024-08-14 07:38:10,BTCUSDT,ask,61800,536.658
2024-08-14 07:39:39,BTCUSDT,ask,61800,536.674
2024-08-14 07:41:13,BTCUSDT,ask,61800,534.157
2024-08-14 07:42:55,BTCUSDT,ask,61800,534.167
2024-08-14 07:44:34,BTCUSDT,ask,61800,534.157
2024-08-14 07:45:11,BTCUSDT,ask,61800,534.194
2024-08-14 07:45:40,BTCUSDT,ask,61800,534.186
2024-08-14 07:46:10,BTCUSDT,ask,61800,534.205
2024-08-14 07:47:14,BTCUSDT,ask,61800,534.207
2024-08-14 07:47:26,BTCUSDT,ask,61800,534.17
2024-08-14 07:49:14,BTCUSDT,ask,61800,534.172
2024-08-14 07:49:20,BTCUSDT,ask,61800,534.222
2024-08-14 07:50:28,BTCUSDT,ask,61800,534.092
2024-08-14 07:51:03,BTCUSDT,ask,61800,534.09
2024-08-14 07:51:36,BTCUSDT,ask,61800,534.138
2024-08-14 07:52:42,BTCUSDT,ask,61800,534.136
2024-08-14 07:52:52,BTCUSDT,ask,61800,534.161
2024-08-14 07:52:56,BTCUSDT,ask,61800,534.175
2024-08-14 07:53:33,BTCUSDT,ask,61800,534.22
2024-08-14 07:54:12,BTCUSDT,ask,61800,534.218
2024-08-14 07:54:42,BTCUSDT,ask,61800,534.718
2024-08-14 07:55:08,BTCUSDT,ask,61800,534.668
2024-08-14 07:56:46,BTCUSDT,ask,61800,534.116
2024-08-14 07:57:26,BTCUSDT,ask,61800,534.127
2024-08-14 07:58:24,BTCUSDT,ask,61800,536.627
2024-08-14 07:58:30,BTCUSDT,ask,61800,534.127
2024-08-14 08:00:26,BTCUSDT,ask,61800,534.101
2024-08-14 08:01:11,BTCUSDT,bid,47000,874.327
2024-08-14 08:01:14,BTCUSDT,ask,61800,534.149
2024-08-14 08:01:15,BTCUSDT,ask,61800,535.163
2024-08-14 08:04:16,BTCUSDT,bid,47300,806.755
2024-08-14 08:06:59,BTCUSDT,ask,61800,535.663
2024-08-14 08:10:25,BTCUSDT,ask,61800,535.163
2024-08-14 08:10:53,BTCUSDT,ask,61800,535.157
2024-08-14 08:12:23,BTCUSDT,ask,61800,535.257
2024-08-14 08:14:05,BTCUSDT,ask,61800,535.106
2024-08-14 08:16:56,BTCUSDT,ask,61800,535.104
2024-08-14 08:19:10,BTCUSDT,ask,61800,535.103
2024-08-14 08:20:24,BTCUSDT,ask,61800,535.003
2024-08-14 08:22:52,BTCUSDT,ask,61800,535.105
2024-08-14 08:22:56,BTCUSDT,ask,61800,535.207
2024-08-14 08:23:00,BTCUSDT,ask,61800,535.105
2024-08-14 08:23:41,BTCUSDT,ask,61800,535.003
2024-08-14 08:25:59,BTCUSDT,ask,61800,534.987
2024-08-14 08:26:27,BTCUSDT,ask,61800,534.99
2024-08-14 08:30:28,BTCUSDT,ask,61800,533.976
2024-08-14 07:01:41,BTCUSD_PERP,bid,60100,531.82
2024-08-14 07:01:41,BTCUSD_PERP,bid,60000,532.13
2024-08-14 07:01:41,BTCUSD_PERP,bid,60000,591.59
2024-08-14 07:02:37,BTCUSD_PERP,bid,60000,531.84
2024-08-14 07:02:37,BTCUSD_PERP,bid,60000,591.27
2024-08-14 07:03:02,BTCUSD_PERP,ask,61100,498.03
2024-08-14 07:04:39,BTCUSD_PERP,bid,59900,532.64
2024-08-14 07:04:43,BTCUSD_PERP,bid,59900,547.01
2024-08-14 07:04:43,BTCUSD_PERP,bid,59900,549.16
2024-08-14 07:04:47,BTCUSD_PERP,bid,59900,531.24
2024-08-14 07:04:47,BTCUSD_PERP,bid,59900,590.6
2024-08-14 07:06:30,BTCUSD_PERP,bid,59900,531.47
2024-08-14 07:06:30,BTCUSD_PERP,bid,59900,590.2
2024-08-14 07:06:30,BTCUSD_PERP,bid,59900,649.53
2024-08-14 07:07:28,BTCUSD_PERP,bid,59900,531.47
2024-08-14 07:07:37,BTCUSD_PERP,bid,59900,533.21
2024-08-14 07:09:59,BTCUSD_PERP,bid,60100,547.38
2024-08-14 07:09:59,BTCUSD_PERP,bid,60100,548.62
2024-08-14 07:10:00,BTCUSD_PERP,bid,60100,607.52
2024-08-14 07:10:34,BTCUSD_PERP,bid,60100,533.1
2024-08-14 07:13:09,BTCUSD_PERP,bid,60100,592.6
2024-08-14 07:13:22,BTCUSD_PERP,bid,60000,721.1
2024-08-14 07:13:51,BTCUSD_PERP,bid,60000,661.63
2024-08-14 07:13:51,BTCUSD_PERP,bid,60000,602.77
2024-08-14 07:13:51,BTCUSD_PERP,bid,60000,543.3
2024-08-14 07:13:52,BTCUSD_PERP,bid,60100,593.7
2024-08-14 07:13:52,BTCUSD_PERP,bid,60100,652.6
2024-08-14 07:13:52,BTCUSD_PERP,bid,60100,712.1
2024-08-14 07:13:53,BTCUSD_PERP,bid,60100,771.0
2024-08-14 07:15:52,BTCUSD_PERP,bid,60000,711.73
2024-08-14 07:16:42,BTCUSD_PERP,bid,60000,592.47
2024-08-14 07:17:46,BTCUSD_PERP,bid,60000,533.03
2024-08-14 07:20:56,BTCUSD_PERP,bid,60000,592.9
2024-08-14 07:20:56,BTCUSD_PERP,bid,60000,652.38
2024-08-14 07:20:57,BTCUSD_PERP,bid,60000,711.86
2024-08-14 07:20:57,BTCUSD_PERP,bid,60000,771.34
2024-08-14 07:21:21,BTCUSD_PERP,bid,60000,711.96
2024-08-14 07:21:21,BTCUSD_PERP,bid,60000,593.6
2024-08-14 07:21:21,BTCUSD_PERP,bid,60000,534.12
2024-08-14 07:21:22,BTCUSD_PERP,bid,60100,534.38
2024-08-14 07:21:22,BTCUSD_PERP,bid,60100,593.3
2024-08-14 07:21:22,BTCUSD_PERP,bid,60100,652.82
2024-08-14 07:21:22,BTCUSD_PERP,bid,60100,712.34
2024-08-14 07:21:23,BTCUSD_PERP,bid,60100,771.86
2024-08-14 07:21:28,BTCUSD_PERP,bid,60100,712.94
2024-08-14 07:21:28,BTCUSD_PERP,bid,60100,653.42
2024-08-14 07:21:28,BTCUSD_PERP,bid,60100,594.5
2024-08-14 07:21:29,BTCUSD_PERP,bid,60100,501.1
2024-08-14 07:21:29,BTCUSD_PERP,bid,60100,560.66
2024-08-14 07:21:29,BTCUSD_PERP,bid,60100,529.52
2024-08-14 07:21:29,BTCUSD_PERP,bid,60100,619.61
2024-08-14 07:21:29,BTCUSD_PERP,bid,60100,678.56
2024-08-14 07:21:29,BTCUSD_PERP,bid,60100,738.02
2024-08-14 07:21:29,BTCUSD_PERP,bid,60100,797.58
2024-08-14 07:21:30,BTCUSD_PERP,bid,60100,856.53
2024-08-14 07:21:30,BTCUSD_PERP,bid,60100,975.65
2024-08-14 07:21:30,BTCUSD_PERP,bid,60100,1094.77
2024-08-14 07:21:33,BTCUSD_PERP,bid,60100,1096.03
2024-08-14 07:21:50,BTCUSD_PERP,bid,60100,918.57
2024-08-14 07:21:51,BTCUSD_PERP,bid,60100,771.32
2024-08-14 07:21:51,BTCUSD_PERP,bid,60100,830.84
2024-08-14 07:21:51,BTCUSD_PERP,bid,60100,890.36
2024-08-14 07:22:05,BTCUSD_PERP,bid,60100,712.5
2024-08-14 07:22:06,BTCUSD_PERP,bid,60100,652.98
2024-08-14 07:22:06,BTCUSD_PERP,bid,60100,593.46
2024-08-14 07:22:06,BTCUSD_PERP,bid,60100,533.94
2024-08-14 07:22:07,BTCUSD_PERP,bid,60100,533.62
2024-08-14 07:22:07,BTCUSD_PERP,bid,60100,593.18
2024-08-14 07:22:07,BTCUSD_PERP,bid,60100,711.69
2024-08-14 07:22:07,BTCUSD_PERP,bid,60100,770.64
2024-08-14 07:23:26,BTCUSD_PERP,bid,60000,668.77
2024-08-14 07:23:29,BTCUSD_PERP,bid,60000,720.16
2024-08-14 07:23:40,BTCUSD_PERP,bid,60000,709.8
2024-08-14 07:24:32,BTCUSD_PERP,bid,60000,651.0
2024-08-14 07:24:32,BTCUSD_PERP,bid,60000,532.8
2024-08-14 07:24:34,BTCUSD_PERP,bid,60000,592.0
2024-08-14 07:24:34,BTCUSD_PERP,bid,60000,710.28
2024-08-14 07:24:34,BTCUSD_PERP,bid,60000,769.72
2024-08-14 07:25:02,BTCUSD_PERP,bid,60000,710.28
2024-08-14 07:25:03,BTCUSD_PERP,bid,60000,651.44
2024-08-14 07:25:03,BTCUSD_PERP,bid,60000,533.16
2024-08-14 07:25:56,BTCUSD_PERP,bid,60100,534.79
2024-08-14 07:26:03,BTCUSD_PERP,bid,60100,536.05
2024-08-14 07:28:04,BTCUSD_PERP,bid,60100,534.79
2024-08-14 07:29:42,BTCUSD_PERP,bid,60100,533.59
2024-08-14 07:29:42,BTCUSD_PERP,bid,60100,592.49
2024-08-14 07:29:52,BTCUSD_PERP,bid,60100,592.53
2024-08-14 07:29:57,BTCUSD_PERP,bid,60100,533.85
2024-08-14 07:30:06,BTCUSD_PERP,bid,60100,533.89
2024-08-14 07:31:08,BTCUSD_PERP,bid,60100,532.56
2024-08-14 07:31:08,BTCUSD_PERP,bid,60100,592.07
2024-08-14 07:31:08,BTCUSD_PERP,bid,60100,711.09
2024-08-14 07:31:09,BTCUSD_PERP,bid,60100,770.6
2024-08-14 07:31:09,BTCUSD_PERP,bid,60100,889.02
2024-08-14 07:32:04,BTCUSD_PERP,bid,60100,830.12
2024-08-14 07:32:04,BTCUSD_PERP,bid,60100,711.1
2024-08-14 07:32:04,BTCUSD_PERP,bid,60100,651.59
2024-08-14 07:32:04,BTCUSD_PERP,bid,60100,592.08
2024-08-14 07:32:05,BTCUSD_PERP,bid,60100,532.57
2024-08-14 07:36:24,BTCUSD_PERP,bid,60200,533.87
2024-08-14 07:36:25,BTCUSD_PERP,bid,60200,593.47
2024-08-14 07:36:25,BTCUSD_PERP,bid,60200,653.07
2024-08-14 07:36:25,BTCUSD_PERP,bid,60200,712.67
2024-08-14 07:36:41,BTCUSD_PERP,bid,60200,594.68
2024-08-14 07:36:41,BTCUSD_PERP,bid,60100,534.2
2024-08-14 07:36:41,BTCUSD_PERP,bid,60100,653.34
2024-08-14 07:36:41,BTCUSD_PERP,bid,60100,712.91
2024-08-14 07:37:26,BTCUSD_PERP,bid,60100,653.95
2024-08-14 07:37:26,BTCUSD_PERP,bid,60100,594.99
2024-08-14 07:37:27,BTCUSD_PERP,bid,60100,535.42
2024-08-14 07:37:28,BTCUSD_PERP,bid,60200,535.7
2024-08-14 07:37:29,BTCUSD_PERP,bid,60200,535.74
2024-08-14 07:39:09,BTCUSD_PERP,bid,60200,535.45
2024-08-14 07:39:09,BTCUSD_PERP,bid,60200,714.37
2024-08-14 07:39:09,BTCUSD_PERP,bid,60100,520.66
2024-08-14 07:39:09,BTCUSD_PERP,bid,60200,774.01
2024-08-14 07:39:09,BTCUSD_PERP,bid,60200,833.04
2024-08-14 07:39:36,BTCUSD_PERP,bid,60200,773.4
2024-08-14 07:39:36,BTCUSD_PERP,bid,60200,950.52
2024-08-14 07:39:36,BTCUSD_PERP,bid,60100,519.94
2024-08-14 07:39:36,BTCUSD_PERP,bid,60200,1009.52
2024-08-14 07:39:36,BTCUSD_PERP,bid,60100,579.44
2024-08-14 07:39:36,BTCUSD_PERP,bid,60200,1069.12
2024-08-14 07:40:52,BTCUSD_PERP,bid,60200,1009.52
2024-08-14 07:40:52,BTCUSD_PERP,bid,60100,520.34
2024-08-14 07:40:52,BTCUSD_PERP,bid,60200,949.92
2024-08-14 07:40:52,BTCUSD_PERP,bid,60200,890.92
2024-08-14 07:40:53,BTCUSD_PERP,bid,60200,772.32
2024-08-14 07:40:53,BTCUSD_PERP,bid,60200,653.72
2024-08-14 07:40:53,BTCUSD_PERP,bid,60200,594.12
2024-08-14 07:40:53,BTCUSD_PERP,bid,60200,594.46
2024-08-14 07:40:53,BTCUSD_PERP,bid,60200,713.13
2024-08-14 07:40:53,BTCUSD_PERP,bid,60200,772.16
2024-08-14 07:40:54,BTCUSD_PERP,bid,60200,831.19
2024-08-14 07:40:54,BTCUSD_PERP,bid,60100,579.75
2024-08-14 07:40:54,BTCUSD_PERP,bid,60200,950.47
2024-08-14 07:40:54,BTCUSD_PERP,bid,60200,1010.11
2024-08-14 07:40:54,BTCUSD_PERP,bid,60200,1069.75
2024-08-14 07:41:02,BTCUSD_PERP,bid,47000,2451.89
2024-08-14 07:42:07,BTCUSD_PERP,bid,60200,1010.11
2024-08-14 07:42:07,BTCUSD_PERP,bid,60200,891.44
2024-08-14 07:42:08,BTCUSD_PERP,bid,60200,772.16
2024-08-14 07:42:08,BTCUSD_PERP,bid,60200,534.32
2024-08-14 07:42:08,BTCUSD_PERP,bid,60200,594.18
2024-08-14 07:42:08,BTCUSD_PERP,bid,60200,653.85
2024-08-14 07:42:08,BTCUSD_PERP,bid,60200,772.59
2024-08-14 07:42:09,BTCUSD_PERP,bid,60200,891.32
2024-08-14 07:42:09,BTCUSD_PERP,bid,60200,950.99
2024-08-14 07:42:09,BTCUSD_PERP,bid,60200,1069.73
2024-08-14 07:42:57,BTCUSD_PERP,bid,60200,1010.06
2024-08-14 07:42:57,BTCUSD_PERP,bid,60100,520.26
2024-08-14 07:42:57,BTCUSD_PERP,bid,60200,950.48
2024-08-14 07:42:58,BTCUSD_PERP,bid,60100,579.8
2024-08-14 07:42:58,BTCUSD_PERP,bid,60200,1010.12
2024-08-14 07:42:58,BTCUSD_PERP,bid,60200,1069.15
2024-08-14 07:43:22,BTCUSD_PERP,bid,60200,1009.51
2024-08-14 07:43:22,BTCUSD_PERP,bid,60200,534.55
2024-08-14 07:43:22,BTCUSD_PERP,bid,60100,520.0
2024-08-14 07:43:22,BTCUSD_PERP,bid,60200,890.38
2024-08-14 07:43:22,BTCUSD_PERP,bid,60100,579.51
2024-08-14 07:43:22,BTCUSD_PERP,bid,60200,949.99
2024-08-14 07:43:39,BTCUSD_PERP,bid,60200,890.38
2024-08-14 07:43:39,BTCUSD_PERP,bid,60100,519.96
2024-08-14 07:44:16,BTCUSD_PERP,bid,60200,712.77
2024-08-14 07:44:54,BTCUSD_PERP,ask,61300,497.32
2024-08-14 07:44:54,BTCUSD_PERP,ask,61300,512.94
2024-08-14 07:50:38,BTCUSD_PERP,bid,60200,534.77
2024-08-14 07:50:38,BTCUSD_PERP,bid,60200,594.46
2024-08-14 07:50:38,BTCUSD_PERP,bid,60200,653.54
2024-08-14 07:51:03,BTCUSD_PERP,bid,42000,1068.66
2024-08-14 07:52:32,BTCUSD_PERP,bid,60200,534.16
2024-08-14 07:52:33,BTCUSD_PERP,bid,60300,535.65
2024-08-14 07:52:33,BTCUSD_PERP,bid,60300,595.37
2024-08-14 07:52:34,BTCUSD_PERP,bid,60300,654.48
2024-08-14 07:52:34,BTCUSD_PERP,bid,60300,773.31
2024-08-14 07:53:12,BTCUSD_PERP,bid,60300,713.59
2024-08-14 07:53:12,BTCUSD_PERP,bid,60300,594.76
2024-08-14 07:53:12,BTCUSD_PERP,bid,60300,535.65
2024-08-14 07:53:14,BTCUSD_PERP,bid,60300,535.37
2024-08-14 07:53:14,BTCUSD_PERP,bid,60300,654.87
2024-08-14 07:53:26,BTCUSD_PERP,bid,60300,595.12
2024-08-14 07:53:26,BTCUSD_PERP,bid,60300,654.5
2024-08-14 07:53:39,BTCUSD_PERP,bid,60300,713.61
2024-08-14 07:54:22,BTCUSD_PERP,bid,60300,594.17
2024-08-14 07:54:22,BTCUSD_PERP,bid,60200,534.77
2024-08-14 07:55:20,BTCUSD_PERP,bid,60200,534.51
2024-08-14 07:56:13,BTCUSD_PERP,bid,60200,544.26
2024-08-14 08:00:36,BTCUSD_PERP,bid,60200,535.01
2024-08-14 08:01:31,BTCUSD_PERP,bid,60300,535.29
2024-08-14 08:05:27,BTCUSD_PERP,bid,60700,802.85
2024-08-14 08:05:27,BTCUSD_PERP,bid,60700,796.74
2024-08-14 08:05:28,BTCUSD_PERP,bid,60700,796.65
2024-08-14 08:05:28,BTCUSD_PERP,bid,60700,796.57
2024-08-14 08:05:28,BTCUSD_PERP,bid,60700,796.01
2024-08-14 08:05:28,BTCUSD_PERP,bid,60700,795.05
2024-08-14 08:05:33,BTCUSD_PERP,bid,60700,795.06
2024-08-14 08:05:34,BTCUSD_PERP,bid,60700,795.81
2024-08-14 08:05:34,BTCUSD_PERP,bid,60700,795.06
2024-08-14 08:05:34,BTCUSD_PERP,bid,60700,796.61
2024-08-14 08:05:35,BTCUSD_PERP,bid,60700,795.06
2024-08-14 08:05:42,BTCUSD_PERP,bid,60700,795.81
2024-08-14 08:05:42,BTCUSD_PERP,bid,60700,795.06
2024-08-14 08:05:45,BTCUSD_PERP,bid,60700,795.56
2024-08-14 08:05:45,BTCUSD_PERP,bid,60700,795.81
2024-08-14 08:05:45,BTCUSD_PERP,bid,60700,795.56
2024-08-14 08:05:46,BTCUSD_PERP,bid,60700,795.56
2024-08-14 08:05:47,BTCUSD_PERP,bid,60700,795.06
2024-08-14 08:05:48,BTCUSD_PERP,bid,60700,795.56
2024-08-14 08:05:48,BTCUSD_PERP,bid,60700,795.06
2024-08-14 08:05:49,BTCUSD_PERP,bid,60700,796.63
2024-08-14 08:05:52,BTCUSD_PERP,bid,60700,797.13
2024-08-14 08:05:52,BTCUSD_PERP,bid,60700,797.13
2024-08-14 08:05:52,BTCUSD_PERP,bid,60700,796.63
2024-08-14 08:05:55,BTCUSD_PERP,bid,60700,795.06
2024-08-14 08:05:55,BTCUSD_PERP,bid,60700,737.91
2024-08-14 08:05:55,BTCUSD_PERP,bid,60700,736.55
2024-08-14 08:05:56,BTCUSD_PERP,bid,60700,736.44
2024-08-14 08:05:56,BTCUSD_PERP,bid,60700,736.36
2024-08-14 08:05:57,BTCUSD_PERP,bid,60700,734.25
2024-08-14 08:05:57,BTCUSD_PERP,bid,60700,734.33
2024-08-14 08:05:57,BTCUSD_PERP,bid,60700,736.44
2024-08-14 08:05:57,BTCUSD_PERP,bid,60700,736.46
2024-08-14 08:05:57,BTCUSD_PERP,bid,60700,736.43
2024-08-14 08:05:58,BTCUSD_PERP,bid,60700,736.38
2024-08-14 08:05:58,BTCUSD_PERP,bid,60700,736.39
2024-08-14 08:05:58,BTCUSD_PERP,bid,60700,736.37
2024-08-14 08:05:59,BTCUSD_PERP,bid,60700,736.26
2024-08-14 08:05:59,BTCUSD_PERP,bid,60700,736.42
2024-08-14 08:05:59,BTCUSD_PERP,bid,60700,736.41
2024-08-14 08:05:59,BTCUSD_PERP,bid,60700,736.39
2024-08-14 08:06:00,BTCUSD_PERP,bid,60700,736.82
2024-08-14 08:06:01,BTCUSD_PERP,bid,60700,737.29
2024-08-14 08:06:01,BTCUSD_PERP,bid,60700,737.3
2024-08-14 08:06:01,BTCUSD_PERP,bid,60700,737.28
2024-08-14 08:06:02,BTCUSD_PERP,bid,60700,737.42
2024-08-14 08:06:02,BTCUSD_PERP,bid,60700,737.27
2024-08-14 08:06:03,BTCUSD_PERP,bid,60700,737.32
2024-08-14 08:06:03,BTCUSD_PERP,bid,60700,737.17
2024-08-14 08:06:04,BTCUSD_PERP,bid,60700,737.14
2024-08-14 08:06:04,BTCUSD_PERP,bid,60700,734.18
2024-08-14 08:06:04,BTCUSD_PERP,bid,60700,734.37
2024-08-14 08:06:04,BTCUSD_PERP,bid,60700,732.38
2024-08-14 08:06:04,BTCUSD_PERP,bid,60700,732.36
2024-08-14 08:06:05,BTCUSD_PERP,bid,60700,732.35
2024-08-14 08:06:05,BTCUSD_PERP,bid,60700,732.33
2024-08-14 08:06:05,BTCUSD_PERP,bid,60700,727.23
2024-08-14 08:06:06,BTCUSD_PERP,bid,60700,724.73
2024-08-14 08:06:06,BTCUSD_PERP,bid,60700,724.21
2024-08-14 08:06:06,BTCUSD_PERP,bid,60700,724.44
2024-08-14 08:06:06,BTCUSD_PERP,bid,60700,725.51
2024-08-14 08:06:06,BTCUSD_PERP,bid,60700,725.54
2024-08-14 08:06:06,BTCUSD_PERP,bid,60700,725.54
2024-08-14 08:06:06,BTCUSD_PERP,bid,60700,724.49
2024-08-14 08:06:07,BTCUSD_PERP,bid,60700,724.48
2024-08-14 08:06:07,BTCUSD_PERP,bid,60700,724.59
2024-08-14 08:06:07,BTCUSD_PERP,bid,60700,724.57
2024-08-14 08:06:08,BTCUSD_PERP,bid,60700,724.55
2024-08-14 08:06:09,BTCUSD_PERP,bid,60700,725.62
2024-08-14 08:06:09,BTCUSD_PERP,bid,60700,725.64
2024-08-14 08:06:09,BTCUSD_PERP,bid,60700,724.6
2024-08-14 08:06:09,BTCUSD_PERP,bid,60700,724.58
2024-08-14 08:06:10,BTCUSD_PERP,bid,60700,724.58
2024-08-14 08:06:11,BTCUSD_PERP,bid,60700,724.58
2024-08-14 08:06:11,BTCUSD_PERP,bid,60700,724.34
2024-08-14 08:06:11,BTCUSD_PERP,bid,60700,724.24
2024-08-14 08:06:11,BTCUSD_PERP,bid,60700,724.29
2024-08-14 08:06:12,BTCUSD_PERP,bid,60700,724.31
2024-08-14 08:06:13,BTCUSD_PERP,bid,60700,724.27
2024-08-14 08:06:13,BTCUSD_PERP,bid,60700,722.28
2024-08-14 08:06:13,BTCUSD_PERP,bid,60700,722.3
2024-08-14 08:06:13,BTCUSD_PERP,bid,60700,722.32
2024-08-14 08:06:13,BTCUSD_PERP,bid,60700,722.3
2024-08-14 08:06:14,BTCUSD_PERP,bid,60700,722.19
2024-08-14 08:06:14,BTCUSD_PERP,bid,60700,722.2
2024-08-14 08:06:15,BTCUSD_PERP,bid,60700,723.15
2024-08-14 08:06:15,BTCUSD_PERP,bid,60700,721.42
2024-08-14 08:06:16,BTCUSD_PERP,bid,60700,719.91
2024-08-14 08:06:17,BTCUSD_PERP,bid,60700,719.75
2024-08-14 08:06:17,BTCUSD_PERP,bid,60700,719.27
2024-08-14 08:06:17,BTCUSD_PERP,bid,60700,719.12
2024-08-14 08:06:17,BTCUSD_PERP,bid,60700,719.02
2024-08-14 08:06:27,BTCUSD_PERP,bid,60700,718.22
2024-08-14 08:06:31,BTCUSD_PERP,bid,60700,718.21
2024-08-14 08:06:37,BTCUSD_PERP,bid,60700,718.16
2024-08-14 08:06:37,BTCUSD_PERP,bid,60700,717.05
2024-08-14 08:06:37,BTCUSD_PERP,bid,60700,717.06
2024-08-14 08:06:37,BTCUSD_PERP,bid,60700,717.01
2024-08-14 08:06:37,BTCUSD_PERP,bid,60700,717.0
2024-08-14 08:06:38,BTCUSD_PERP,bid,60700,716.99
2024-08-14 08:06:39,BTCUSD_PERP,bid,60700,691.53
2024-08-14 08:06:39,BTCUSD_PERP,bid,60700,691.45
2024-08-14 08:06:39,BTCUSD_PERP,bid,60700,689.58
2024-08-14 08:06:39,BTCUSD_PERP,bid,60700,687.72
2024-08-14 08:06:39,BTCUSD_PERP,bid,60700,683.2
2024-08-14 08:06:39,BTCUSD_PERP,bid,60700,676.13
2024-08-14 08:06:39,BTCUSD_PERP,bid,60700,671.65
2024-08-14 08:06:40,BTCUSD_PERP,bid,60700,667.97
2024-08-14 08:06:40,BTCUSD_PERP,bid,60700,670.08
2024-08-14 08:06:40,BTCUSD_PERP,bid,60700,670.31
2024-08-14 08:06:40,BTCUSD_PERP,bid,60700,670.32
2024-08-14 08:06:40,BTCUSD_PERP,bid,60700,670.42
2024-08-14 08:06:41,BTCUSD_PERP,bid,60700,671.46
2024-08-14 08:06:41,BTCUSD_PERP,bid,60700,672.45
2024-08-14 08:06:41,BTCUSD_PERP,bid,60700,671.46
2024-08-14 08:06:41,BTCUSD_PERP,bid,60700,672.13
2024-08-14 08:06:41,BTCUSD_PERP,bid,60700,672.16
2024-08-14 08:06:41,BTCUSD_PERP,bid,60700,672.29
2024-08-14 08:06:41,BTCUSD_PERP,bid,60700,674.79
2024-08-14 08:06:41,BTCUSD_PERP,bid,60700,673.8
2024-08-14 08:06:42,BTCUSD_PERP,bid,60700,674.79
2024-08-14 08:06:42,BTCUSD_PERP,bid,60700,673.8
2024-08-14 08:06:42,BTCUSD_PERP,bid,60700,672.3
2024-08-14 08:06:43,BTCUSD_PERP,bid,60700,670.88
2024-08-14 08:06:43,BTCUSD_PERP,bid,60700,670.7
2024-08-14 08:06:43,BTCUSD_PERP,bid,60700,670.11
2024-08-14 08:06:43,BTCUSD_PERP,bid,60700,668.61
2024-08-14 08:06:44,BTCUSD_PERP,bid,60700,667.5
2024-08-14 08:06:53,BTCUSD_PERP,bid,60700,669.63
2024-08-14 08:06:53,BTCUSD_PERP,bid,60700,669.62
2024-08-14 08:06:53,BTCUSD_PERP,bid,60700,669.6
2024-08-14 08:06:53,BTCUSD_PERP,bid,60700,669.61
2024-08-14 08:06:53,BTCUSD_PERP,bid,60700,669.63
2024-08-14 08:06:53,BTCUSD_PERP,bid,60700,669.62
2024-08-14 08:06:53,BTCUSD_PERP,bid,60700,669.7
2024-08-14 08:06:54,BTCUSD_PERP,bid,60700,669.85
2024-08-14 08:06:54,BTCUSD_PERP,bid,60700,670.55
2024-08-14 08:06:54,BTCUSD_PERP,bid,60700,669.85
2024-08-14 08:06:54,BTCUSD_PERP,bid,60700,669.83
2024-08-14 08:06:54,BTCUSD_PERP,bid,60700,669.75
2024-08-14 08:06:55,BTCUSD_PERP,bid,60700,669.74
2024-08-14 08:06:55,BTCUSD_PERP,bid,60700,669.75
2024-08-14 08:06:56,BTCUSD_PERP,bid,60700,669.76
2024-08-14 08:06:56,BTCUSD_PERP,bid,60700,669.78
2024-08-14 08:06:56,BTCUSD_PERP,bid,60700,669.68
2024-08-14 08:06:57,BTCUSD_PERP,bid,60700,669.67
2024-08-14 08:06:58,BTCUSD_PERP,bid,60700,669.67
2024-08-14 08:06:58,BTCUSD_PERP,bid,60700,669.64
2024-08-14 08:06:58,BTCUSD_PERP,bid,60700,669.61
2024-08-14 08:06:59,BTCUSD_PERP,bid,60700,669.63
2024-08-14 08:06:59,BTCUSD_PERP,bid,60700,669.63
2024-08-14 08:06:59,BTCUSD_PERP,bid,60700,669.53
2024-08-14 08:06:59,BTCUSD_PERP,bid,60700,669.45
2024-08-14 08:06:59,BTCUSD_PERP,bid,60700,669.32
2024-08-14 08:07:00,BTCUSD_PERP,bid,60700,669.03
2024-08-14 08:07:00,BTCUSD_PERP,bid,60700,669.46
2024-08-14 08:07:00,BTCUSD_PERP,bid,60700,669.52
2024-08-14 08:07:01,BTCUSD_PERP,bid,60700,669.77
2024-08-14 08:07:01,BTCUSD_PERP,bid,60700,669.92
2024-08-14 08:07:02,BTCUSD_PERP,bid,60700,670.16
2024-08-14 08:07:02,BTCUSD_PERP,bid,60700,670.26
2024-08-14 08:07:02,BTCUSD_PERP,bid,60700,670.25
2024-08-14 08:07:03,BTCUSD_PERP,bid,60700,671.81
2024-08-14 08:07:03,BTCUSD_PERP,bid,60700,671.59
2024-08-14 08:07:03,BTCUSD_PERP,bid,60700,672.06
2024-08-14 08:07:04,BTCUSD_PERP,bid,60700,671.01
2024-08-14 08:07:04,BTCUSD_PERP,bid,60700,671.0
2024-08-14 08:07:04,BTCUSD_PERP,bid,60700,670.99
2024-08-14 08:07:07,BTCUSD_PERP,bid,60700,670.97
2024-08-14 08:07:07,BTCUSD_PERP,bid,60700,671.0
2024-08-14 08:07:08,BTCUSD_PERP,bid,60700,670.91
2024-08-14 08:07:08,BTCUSD_PERP,bid,60700,669.19
2024-08-14 08:07:08,BTCUSD_PERP,bid,60700,670.22
2024-08-14 08:07:09,BTCUSD_PERP,bid,60700,670.21
2024-08-14 08:07:09,BTCUSD_PERP,bid,60700,670.19
2024-08-14 08:07:09,BTCUSD_PERP,bid,60700,670.01
2024-08-14 08:07:09,BTCUSD_PERP,bid,60700,670.04
2024-08-14 08:07:10,BTCUSD_PERP,bid,60700,669.96
2024-08-14 08:07:10,BTCUSD_PERP,bid,60700,669.98
2024-08-14 08:07:10,BTCUSD_PERP,bid,60700,670.01
2024-08-14 08:07:11,BTCUSD_PERP,bid,60700,670.0
2024-08-14 08:07:12,BTCUSD_PERP,bid,60700,669.89
2024-08-14 08:07:12,BTCUSD_PERP,bid,60700,669.4
2024-08-14 08:07:12,BTCUSD_PERP,bid,60700,667.07
2024-08-14 08:07:12,BTCUSD_PERP,bid,60700,667.05
2024-08-14 08:07:12,BTCUSD_PERP,bid,60700,669.16
2024-08-14 08:07:12,BTCUSD_PERP,bid,60700,669.24
2024-08-14 08:07:13,BTCUSD_PERP,bid,60700,669.29
2024-08-14 08:07:14,BTCUSD_PERP,bid,60700,669.71
2024-08-14 08:07:14,BTCUSD_PERP,bid,60700,670.59
2024-08-14 08:07:14,BTCUSD_PERP,bid,60700,671.27
2024-08-14 08:07:14,BTCUSD_PERP,bid,60700,672.29
2024-08-14 08:07:14,BTCUSD_PERP,bid,60700,673.79
2024-08-14 08:07:14,BTCUSD_PERP,bid,60700,672.83
2024-08-14 08:07:14,BTCUSD_PERP,bid,60700,673.84
2024-08-14 08:07:14,BTCUSD_PERP,bid,60700,672.85
2024-08-14 08:07:14,BTCUSD_PERP,bid,60700,672.84
2024-08-14 08:07:15,BTCUSD_PERP,bid,60700,673.83
2024-08-14 08:07:15,BTCUSD_PERP,bid,60700,672.84
2024-08-14 08:07:16,BTCUSD_PERP,bid,60700,668.86
2024-08-14 08:07:16,BTCUSD_PERP,bid,60700,668.79
2024-08-14 08:07:22,BTCUSD_PERP,bid,60700,668.63
2024-08-14 08:07:22,BTCUSD_PERP,bid,60700,667.13
2024-08-14 08:07:24,BTCUSD_PERP,bid,60700,666.33
2024-08-14 08:07:24,BTCUSD_PERP,bid,60700,667.27
2024-08-14 08:07:25,BTCUSD_PERP,bid,60700,665.84
2024-08-14 08:07:26,BTCUSD_PERP,bid,60700,667.32
2024-08-14 08:07:27,BTCUSD_PERP,bid,60700,665.84
2024-08-14 08:08:04,BTCUSD_PERP,bid,60700,667.43
2024-08-14 08:08:41,BTCUSD_PERP,bid,60700,667.45
2024-08-14 08:08:42,BTCUSD_PERP,bid,60700,669.87
2024-08-14 08:08:42,BTCUSD_PERP,bid,60700,669.88
2024-08-14 08:08:42,BTCUSD_PERP,bid,60700,667.43
2024-08-14 08:08:42,BTCUSD_PERP,bid,60700,669.86
2024-08-14 08:08:43,BTCUSD_PERP,bid,60700,669.85
2024-08-14 08:08:43,BTCUSD_PERP,bid,60700,669.75
2024-08-14 08:08:43,BTCUSD_PERP,bid,60700,667.76
2024-08-14 08:08:43,BTCUSD_PERP,bid,60700,668.15
2024-08-14 08:08:44,BTCUSD_PERP,bid,60700,667.99
2024-08-14 08:08:44,BTCUSD_PERP,bid,60700,668.01
2024-08-14 08:08:45,BTCUSD_PERP,bid,60700,668.0
2024-08-14 08:08:46,BTCUSD_PERP,bid,60700,668.02
2024-08-14 08:08:46,BTCUSD_PERP,bid,60700,668.0
2024-08-14 08:08:46,BTCUSD_PERP,bid,60700,668.17
2024-08-14 08:08:46,BTCUSD_PERP,bid,60700,668.1
2024-08-14 08:08:47,BTCUSD_PERP,bid,60700,668.09
2024-08-14 08:08:49,BTCUSD_PERP,bid,60700,663.93
2024-08-14 08:08:49,BTCUSD_PERP,bid,60700,663.91
2024-08-14 08:08:50,BTCUSD_PERP,bid,60700,661.92
2024-08-14 08:08:50,BTCUSD_PERP,bid,60700,659.0
2024-08-14 08:08:50,BTCUSD_PERP,bid,60700,662.03
2024-08-14 08:08:50,BTCUSD_PERP,bid,60700,661.93
2024-08-14 08:08:50,BTCUSD_PERP,bid,60700,658.19
2024-08-14 08:08:51,BTCUSD_PERP,bid,60700,658.14
2024-08-14 08:08:51,BTCUSD_PERP,bid,60700,658.05
2024-08-14 08:08:51,BTCUSD_PERP,bid,60700,658.08
2024-08-14 08:08:51,BTCUSD_PERP,bid,60700,658.06
2024-08-14 08:08:52,BTCUSD_PERP,bid,60700,658.12
2024-08-14 08:08:52,BTCUSD_PERP,bid,60700,658.0
2024-08-14 08:08:52,BTCUSD_PERP,bid,60700,657.97
2024-08-14 08:08:53,BTCUSD_PERP,bid,60700,663.21
2024-08-14 08:08:53,BTCUSD_PERP,bid,60700,662.68
2024-08-14 08:08:53,BTCUSD_PERP,bid,60700,662.88
2024-08-14 08:08:53,BTCUSD_PERP,bid,60700,662.86
2024-08-14 08:08:53,BTCUSD_PERP,bid,60700,662.68
2024-08-14 08:08:53,BTCUSD_PERP,bid,60700,662.37
2024-08-14 08:08:53,BTCUSD_PERP,bid,60700,662.26
2024-08-14 08:08:54,BTCUSD_PERP,bid,60700,660.64
2024-08-14 08:08:54,BTCUSD_PERP,bid,60700,659.97
2024-08-14 08:08:55,BTCUSD_PERP,bid,60700,659.96
2024-08-14 08:08:56,BTCUSD_PERP,bid,60700,659.77
2024-08-14 08:08:56,BTCUSD_PERP,bid,60700,659.39
2024-08-14 08:08:56,BTCUSD_PERP,bid,60700,659.37
2024-08-14 08:08:56,BTCUSD_PERP,bid,60700,659.27
2024-08-14 08:08:56,BTCUSD_PERP,bid,60700,659.26
2024-08-14 08:08:57,BTCUSD_PERP,bid,60700,630.85
2024-08-14 08:08:57,BTCUSD_PERP,bid,60700,592.15
2024-08-14 08:08:57,BTCUSD_PERP,bid,60700,592.1
2024-08-14 08:08:58,BTCUSD_PERP,bid,60700,594.21
2024-08-14 08:08:58,BTCUSD_PERP,bid,60700,594.14
2024-08-14 08:08:58,BTCUSD_PERP,bid,60700,593.73
2024-08-14 08:08:58,BTCUSD_PERP,bid,60700,592.71
2024-08-14 08:08:58,BTCUSD_PERP,bid,60700,591.69
2024-08-14 08:08:58,BTCUSD_PERP,bid,60700,590.67
2024-08-14 08:08:59,BTCUSD_PERP,bid,60700,590.38
2024-08-14 08:08:59,BTCUSD_PERP,bid,60700,587.66
2024-08-14 08:08:59,BTCUSD_PERP,bid,60700,586.14
2024-08-14 08:08:59,BTCUSD_PERP,bid,60700,585.11
2024-08-14 08:08:59,BTCUSD_PERP,bid,60700,584.1
2024-08-14 08:08:59,BTCUSD_PERP,bid,60700,582.92
2024-08-14 08:08:59,BTCUSD_PERP,bid,60700,581.04
2024-08-14 08:08:59,BTCUSD_PERP,bid,60700,578.0
2024-08-14 08:08:59,BTCUSD_PERP,bid,60700,577.49
2024-08-14 08:09:00,BTCUSD_PERP,bid,60700,577.99
2024-08-14 08:09:01,BTCUSD_PERP,bid,60700,577.98
2024-08-14 08:09:01,BTCUSD_PERP,bid,60700,577.97
2024-08-14 08:09:01,BTCUSD_PERP,bid,60700,578.0
2024-08-14 08:09:01,BTCUSD_PERP,bid,60700,578.0
2024-08-14 08:09:01,BTCUSD_PERP,bid,60700,578.27
2024-08-14 08:09:02,BTCUSD_PERP,bid,60700,578.28
2024-08-14 08:09:02,BTCUSD_PERP,bid,60700,578.71
2024-08-14 08:09:02,BTCUSD_PERP,bid,60700,578.86
2024-08-14 08:09:02,BTCUSD_PERP,bid,60700,580.36
2024-08-14 08:09:03,BTCUSD_PERP,bid,60700,581.45
2024-08-14 08:09:03,BTCUSD_PERP,bid,60700,580.04
2024-08-14 08:09:03,BTCUSD_PERP,bid,60700,580.72
2024-08-14 08:09:03,BTCUSD_PERP,bid,60700,584.25
2024-08-14 08:09:03,BTCUSD_PERP,bid,60700,583.03
2024-08-14 08:09:04,BTCUSD_PERP,bid,60700,581.22
2024-08-14 08:09:04,BTCUSD_PERP,bid,60700,580.16
2024-08-14 08:09:04,BTCUSD_PERP,bid,60700,580.14
2024-08-14 08:09:04,BTCUSD_PERP,bid,60700,579.57
2024-08-14 08:09:04,BTCUSD_PERP,bid,60700,578.02
2024-08-14 08:09:04,BTCUSD_PERP,bid,60700,577.92
2024-08-14 08:09:05,BTCUSD_PERP,bid,60700,577.82
2024-08-14 08:09:05,BTCUSD_PERP,bid,60700,577.86
2024-08-14 08:09:05,BTCUSD_PERP,bid,60700,577.85
2024-08-14 08:09:05,BTCUSD_PERP,bid,60700,576.83
2024-08-14 08:09:05,BTCUSD_PERP,bid,60700,577.86
2024-08-14 08:09:06,BTCUSD_PERP,bid,60700,577.9
2024-08-14 08:09:07,BTCUSD_PERP,bid,60700,577.89
2024-08-14 08:09:07,BTCUSD_PERP,bid,60700,577.95
2024-08-14 08:09:07,BTCUSD_PERP,bid,60700,579.45
2024-08-14 08:09:07,BTCUSD_PERP,bid,60700,577.95
2024-08-14 08:09:07,BTCUSD_PERP,bid,60700,579.45
2024-08-14 08:09:08,BTCUSD_PERP,bid,60700,577.95
2024-08-14 08:09:08,BTCUSD_PERP,bid,60700,577.97
2024-08-14 08:09:08,BTCUSD_PERP,bid,60700,578.07
2024-08-14 08:09:09,BTCUSD_PERP,bid,60700,578.07
2024-08-14 08:09:09,BTCUSD_PERP,bid,60700,578.06
2024-08-14 08:09:09,BTCUSD_PERP,bid,60700,578.08
2024-08-14 08:09:10,BTCUSD_PERP,bid,60700,576.09
2024-08-14 08:09:10,BTCUSD_PERP,bid,60700,575.99
2024-08-14 08:09:10,BTCUSD_PERP,bid,60700,574.79
2024-08-14 08:09:10,BTCUSD_PERP,bid,60700,572.14
2024-08-14 08:09:10,BTCUSD_PERP,bid,60700,572.04
2024-08-14 08:09:11,BTCUSD_PERP,bid,60700,571.73
2024-08-14 08:09:11,BTCUSD_PERP,bid,60700,571.74
2024-08-14 08:09:11,BTCUSD_PERP,bid,60700,571.71
2024-08-14 08:09:11,BTCUSD_PERP,bid,60700,571.39
2024-08-14 08:09:11,BTCUSD_PERP,bid,60700,573.5
2024-08-14 08:09:12,BTCUSD_PERP,bid,60700,573.5
2024-08-14 08:09:12,BTCUSD_PERP,bid,60700,573.53
2024-08-14 08:09:12,BTCUSD_PERP,bid,60700,573.41
2024-08-14 08:09:12,BTCUSD_PERP,bid,60700,573.4
2024-08-14 08:09:12,BTCUSD_PERP,bid,60700,572.86
2024-08-14 08:09:13,BTCUSD_PERP,bid,60700,572.85
2024-08-14 08:09:13,BTCUSD_PERP,bid,60700,572.89
2024-08-14 08:09:14,BTCUSD_PERP,bid,60700,572.8
2024-08-14 08:09:14,BTCUSD_PERP,bid,60700,572.63
2024-08-14 08:09:14,BTCUSD_PERP,bid,60700,572.61
2024-08-14 08:09:14,BTCUSD_PERP,bid,60700,572.63
2024-08-14 08:09:14,BTCUSD_PERP,bid,60700,572.66
2024-08-14 08:09:15,BTCUSD_PERP,bid,60700,572.65
2024-08-14 08:09:15,BTCUSD_PERP,bid,60700,571.77
2024-08-14 08:09:15,BTCUSD_PERP,bid,60700,571.8
2024-08-14 08:09:16,BTCUSD_PERP,bid,60700,568.13
2024-08-14 08:09:16,BTCUSD_PERP,bid,60700,568.05
2024-08-14 08:09:17,BTCUSD_PERP,bid,60700,566.24
2024-08-14 08:09:17,BTCUSD_PERP,bid,60700,566.23
2024-08-14 08:09:18,BTCUSD_PERP,bid,60700,566.22
2024-08-14 08:09:18,BTCUSD_PERP,bid,60700,566.18
2024-08-14 08:09:18,BTCUSD_PERP,bid,60700,566.17
2024-08-14 08:09:18,BTCUSD_PERP,bid,60700,564.18
2024-08-14 08:09:19,BTCUSD_PERP,bid,60700,563.92
2024-08-14 08:09:19,BTCUSD_PERP,bid,60700,563.91
2024-08-14 08:09:19,BTCUSD_PERP,bid,60700,563.76
2024-08-14 08:09:19,BTCUSD_PERP,bid,60700,562.42
2024-08-14 08:09:19,BTCUSD_PERP,bid,60700,563.74
2024-08-14 08:09:19,BTCUSD_PERP,bid,60700,562.04
2024-08-14 08:09:19,BTCUSD_PERP,bid,60700,561.87
2024-08-14 08:09:20,BTCUSD_PERP,bid,60700,561.4
2024-08-14 08:09:20,BTCUSD_PERP,bid,60700,555.36
2024-08-14 08:09:20,BTCUSD_PERP,bid,60700,550.55
2024-08-14 08:09:20,BTCUSD_PERP,bid,60700,550.54
2024-08-14 08:09:20,BTCUSD_PERP,bid,60700,540.75
2024-08-14 08:09:20,BTCUSD_PERP,bid,60700,537.74
2024-08-14 08:09:20,BTCUSD_PERP,bid,60700,535.21
2024-08-14 08:09:20,BTCUSD_PERP,bid,60700,532.0
2024-08-14 08:09:20,BTCUSD_PERP,bid,60700,529.9
2024-08-14 08:09:21,BTCUSD_PERP,bid,60700,529.89
2024-08-14 08:09:21,BTCUSD_PERP,bid,60700,526.93
2024-08-14 08:09:21,BTCUSD_PERP,bid,60700,526.66
2024-08-14 08:09:21,BTCUSD_PERP,bid,60700,524.89
2024-08-14 08:09:21,BTCUSD_PERP,bid,60700,523.21
2024-08-14 08:09:21,BTCUSD_PERP,bid,60700,523.2
2024-08-14 08:09:22,BTCUSD_PERP,bid,60700,523.19
2024-08-14 08:09:22,BTCUSD_PERP,bid,60700,523.18
2024-08-14 08:09:22,BTCUSD_PERP,bid,60700,523.15
2024-08-14 08:09:22,BTCUSD_PERP,bid,60700,523.2
2024-08-14 08:09:23,BTCUSD_PERP,bid,60700,523.31
2024-08-14 08:09:23,BTCUSD_PERP,bid,60700,521.78
2024-08-14 08:09:23,BTCUSD_PERP,bid,60700,521.57
2024-08-14 08:09:24,BTCUSD_PERP,bid,60700,515.72
2024-08-14 08:09:24,BTCUSD_PERP,bid,60700,515.59
2024-08-14 08:09:24,BTCUSD_PERP,bid,60700,515.69
2024-08-14 08:09:24,BTCUSD_PERP,bid,60700,515.59
2024-08-14 08:09:24,BTCUSD_PERP,bid,60700,513.48
2024-08-14 08:09:24,BTCUSD_PERP,bid,60700,510.52
2024-08-14 08:09:25,BTCUSD_PERP,bid,60700,510.61
2024-08-14 08:09:26,BTCUSD_PERP,bid,60700,512.13
2024-08-14 08:09:26,BTCUSD_PERP,bid,60700,512.77
2024-08-14 08:09:26,BTCUSD_PERP,bid,60700,512.68
2024-08-14 08:09:26,BTCUSD_PERP,bid,60700,512.51
2024-08-14 08:09:27,BTCUSD_PERP,bid,60700,512.08
2024-08-14 08:09:27,BTCUSD_PERP,bid,60700,509.06
2024-08-14 08:09:27,BTCUSD_PERP,bid,60700,501.62
2024-08-14 08:09:43,BTCUSD_PERP,bid,60100,543.73
2024-08-14 08:09:43,BTCUSD_PERP,bid,60100,603.31
2024-08-14 08:10:11,BTCUSD_PERP,bid,60100,533.33
2024-08-14 08:13:34,BTCUSD_PERP,bid,60100,534.32
2024-08-14 08:13:34,BTCUSD_PERP,bid,60100,593.29
2024-08-14 08:13:34,BTCUSD_PERP,bid,60100,652.86
2024-08-14 08:13:34,BTCUSD_PERP,bid,60100,771.3
2024-08-14 08:13:34,BTCUSD_PERP,bid,60100,830.27
2024-08-14 08:14:28,BTCUSD_PERP,bid,60100,771.3
2024-08-14 08:14:28,BTCUSD_PERP,bid,60100,711.73
2024-08-14 08:14:29,BTCUSD_PERP,bid,60100,652.16
2024-08-14 08:14:29,BTCUSD_PERP,bid,60100,593.19
2024-08-14 08:14:29,BTCUSD_PERP,bid,60100,533.62
2024-08-14 08:14:29,BTCUSD_PERP,bid,60200,534.66
2024-08-14 08:16:05,BTCUSD_PERP,bid,60100,593.3
2024-08-14 08:16:05,BTCUSD_PERP,bid,60100,652.87
2024-08-14 08:17:05,BTCUSD_PERP,bid,60100,592.98
2024-08-14 08:17:05,BTCUSD_PERP,bid,60100,652.52
2024-08-14 08:20:56,BTCUSD_PERP,bid,60100,592.98
2024-08-14 08:20:56,BTCUSD_PERP,bid,60100,533.44
2024-08-14 08:20:56,BTCUSD_PERP,bid,60100,592.67
2024-08-14 08:20:57,BTCUSD_PERP,bid,60100,652.18
2024-08-14 08:21:06,BTCUSD_PERP,bid,60100,593.28
2024-08-14 08:21:08,BTCUSD_PERP,bid,60000,532.89
2024-08-14 08:21:08,BTCUSD_PERP,bid,60000,592.37
2024-08-14 08:21:08,BTCUSD_PERP,bid,60000,651.85
2024-08-14 08:21:08,BTCUSD_PERP,bid,60000,770.2
2024-08-14 08:21:09,BTCUSD_PERP,bid,60000,784.59
2024-08-14 08:21:11,BTCUSD_PERP,bid,60000,785.84
2024-08-14 08:21:19,BTCUSD_PERP,ask,61200,505.55
2024-08-14 08:21:21,BTCUSD_PERP,ask,61200,511.66
2024-08-14 08:21:36,BTCUSD_PERP,bid,60000,726.36
2024-08-14 08:21:36,BTCUSD_PERP,bid,60000,608.01
2024-08-14 08:21:36,BTCUSD_PERP,bid,60000,548.53
2024-08-14 08:21:37,BTCUSD_PERP,bid,60000,533.22
2024-08-14 08:21:37,BTCUSD_PERP,bid,60000,592.06
2024-08-14 08:21:37,BTCUSD_PERP,bid,60000,651.51
2024-08-14 08:21:37,BTCUSD_PERP,bid,60000,710.96
2024-08-14 08:21:38,BTCUSD_PERP,bid,60000,769.81
2024-08-14 08:21:49,BTCUSD_PERP,bid,60000,651.52
2024-08-14 08:21:49,BTCUSD_PERP,bid,60000,592.68
2024-08-14 08:21:51,BTCUSD_PERP,bid,60000,532.22
2024-08-14 08:21:51,BTCUSD_PERP,bid,60000,591.7
2024-08-14 08:21:51,BTCUSD_PERP,bid,60000,769.54
2024-08-14 08:21:51,BTCUSD_PERP,bid,60000,888.5
2024-08-14 08:21:51,BTCUSD_PERP,bid,60000,947.38
2024-08-14 08:22:09,BTCUSD_PERP,bid,60000,651.78
2024-08-14 08:22:09,BTCUSD_PERP,bid,60000,592.3
2024-08-14 08:24:34,BTCUSD_PERP,bid,60000,533.58
2024-08-14 08:24:34,BTCUSD_PERP,bid,60000,593.07
2024-08-14 08:25:16,BTCUSD_PERP,bid,60000,770.43
2024-08-14 08:25:32,BTCUSD_PERP,bid,60000,710.97
2024-08-14 08:25:33,BTCUSD_PERP,bid,60000,651.51
2024-08-14 08:25:33,BTCUSD_PERP,bid,60000,592.66
2024-08-14 08:25:33,BTCUSD_PERP,bid,60000,533.81
2024-08-14 08:25:34,BTCUSD_PERP,bid,60000,531.76
2024-08-14 08:25:34,BTCUSD_PERP,bid,60000,591.25
2024-08-14 08:25:34,BTCUSD_PERP,bid,60000,650.74
2024-08-14 08:25:34,BTCUSD_PERP,bid,60000,710.13
2024-08-14 08:25:34,BTCUSD_PERP,bid,60000,769.62
2024-08-14 08:26:48,BTCUSD_PERP,bid,60000,710.73
2024-08-14 08:26:48,BTCUSD_PERP,bid,60000,592.46
2024-08-14 08:26:49,BTCUSD_PERP,bid,60100,650.99
2024-08-14 08:26:49,BTCUSD_PERP,bid,60100,770.03
2024-08-14 08:27:41,BTCUSD_PERP,bid,60000,532.89
2024-08-14 08:27:41,BTCUSD_PERP,bid,60000,651.27
2024-08-14 08:27:41,BTCUSD_PERP,bid,60000,710.76
2024-08-14 08:27:42,BTCUSD_PERP,bid,60000,769.65
2024-08-14 08:28:56,BTCUSD_PERP,bid,60000,828.71
2024-08-14 08:28:56,BTCUSD_PERP,bid,60000,888.17
2024-08-14 08:30:14,BTCUSD_PERP,bid,60000,829.32
2024-08-14 08:30:14,BTCUSD_PERP,bid,60000,769.86
2024-08-14 08:30:14,BTCUSD_PERP,bid,60000,710.4
2024-08-14 08:30:14,BTCUSD_PERP,bid,60000,651.55
2024-08-14 08:30:14,BTCUSD_PERP,bid,60000,592.09
2024-08-14 08:30:15,BTCUSD_PERP,bid,60000,533.23
