2024-09-12 18:41:07,BTCUSD_PERP,bid,47000,2437.3
2024-09-12 18:47:18,BTCUSD_PERP,bid,47000,2437.52
2024-09-12 19:00:32,BTCUSD_PERP,bid,47000,2437.38
2024-09-12 19:03:51,BTCUSD_PERP,ask,58700,513.0
2024-09-12 19:03:53,BTCUSD_PERP,ask,58700,532.35
2024-09-12 19:03:55,BTCUSD_PERP,ask,58700,541.73
2024-09-12 19:03:57,BTCUSD_PERP,ask,58700,551.11
2024-09-12 19:04:27,BTCUSD_PERP,ask,58700,541.73
2024-09-12 19:04:28,BTCUSD_PERP,ask,58700,532.35
2024-09-12 19:04:30,BTCUSD_PERP,ask,58700,523.26
2024-09-12 19:04:40,BTCUSD_PERP,ask,58700,513.88
2024-09-12 19:36:56,BTCUSD_PERP,bid,57300,621.91
2024-09-12 19:36:56,BTCUSD_PERP,bid,57300,678.72
2024-09-12 19:37:09,BTCUSD_PERP,bid,57300,792.21
2024-09-12 19:37:09,BTCUSD_PERP,bid,57300,848.99
2024-09-12 19:37:09,BTCUSD_PERP,bid,57300,792.79
2024-09-12 19:39:07,BTCUSD_PERP,bid,57200,564.97
2024-09-12 19:39:07,BTCUSD_PERP,bid,57200,621.64
2024-09-12 19:39:35,BTCUSD_PERP,bid,57200,621.52
2024-09-12 19:40:22,BTCUSD_PERP,bid,57200,564.85
2024-09-12 19:42:33,BTCUSD_PERP,bid,57200,621.67
2024-09-12 19:42:33,BTCUSD_PERP,bid,57200,678.35
2024-09-12 19:42:39,BTCUSD_PERP,bid,57200,621.67
2024-09-12 19:42:39,BTCUSD_PERP,bid,57200,564.99
2024-09-12 19:45:40,BTCUSD_PERP,bid,57300,564.6
2024-09-12 19:45:40,BTCUSD_PERP,bid,57300,620.77
2024-09-12 19:45:40,BTCUSD_PERP,bid,57300,734.27
2024-09-12 19:47:10,BTCUSD_PERP,bid,57200,733.82
2024-09-12 19:47:16,BTCUSD_PERP,bid,57200,677.69
2024-09-12 19:47:16,BTCUSD_PERP,bid,57200,564.25
2024-09-12 19:47:18,BTCUSD_PERP,bid,57200,564.58
2024-09-12 19:47:18,BTCUSD_PERP,bid,57200,790.18
2024-09-12 19:47:18,BTCUSD_PERP,bid,57200,846.29
2024-09-12 19:47:36,BTCUSD_PERP,bid,57200,790.18
2024-09-12 19:47:36,BTCUSD_PERP,bid,57200,733.49
2024-09-12 19:47:36,BTCUSD_PERP,bid,57200,620.69
2024-09-12 19:47:36,BTCUSD_PERP,bid,57200,564.28
2024-09-12 19:48:19,BTCUSD_PERP,bid,57200,620.04
2024-09-12 19:51:37,BTCUSD_PERP,bid,57200,565.26
2024-09-12 19:51:47,BTCUSD_PERP,bid,57200,621.63
2024-09-12 19:51:52,BTCUSD_PERP,bid,57200,564.96
2024-09-12 19:52:49,BTCUSD_PERP,bid,57200,621.43
2024-09-12 19:53:59,BTCUSD_PERP,bid,57200,564.86
2024-09-12 19:56:21,BTCUSD_PERP,bid,57100,550.01
2024-09-12 19:57:17,BTCUSD_PERP,bid,57100,563.88
2024-09-12 19:57:17,BTCUSD_PERP,bid,57100,620.5
2024-09-12 20:00:37,BTCUSD_PERP,bid,57100,563.88
2024-09-12 20:00:38,BTCUSD_PERP,bid,57100,563.58
2024-09-12 20:00:38,BTCUSD_PERP,bid,57100,619.59
2024-09-12 20:00:38,BTCUSD_PERP,bid,57100,676.18
2024-09-12 20:00:38,BTCUSD_PERP,bid,57100,901.38
2024-09-12 20:00:47,BTCUSD_PERP,bid,57100,900.8
2024-09-12 20:00:47,BTCUSD_PERP,bid,57100,957.36
2024-09-12 20:01:00,BTCUSD_PERP,bid,57100,788.1
2024-09-12 20:01:00,BTCUSD_PERP,bid,57100,844.69
2024-09-12 20:01:31,BTCUSD_PERP,bid,57100,957.29
2024-09-12 20:01:31,BTCUSD_PERP,bid,57100,1013.88
2024-09-12 20:02:34,BTCUSD_PERP,bid,57100,957.29
2024-09-12 20:02:34,BTCUSD_PERP,bid,57100,901.28
2024-09-12 20:02:34,BTCUSD_PERP,bid,57100,844.69
2024-09-12 20:02:34,BTCUSD_PERP,bid,57100,732.09
2024-09-12 20:02:34,BTCUSD_PERP,bid,57100,675.5
2024-09-12 20:02:34,BTCUSD_PERP,bid,57100,619.49
2024-09-12 20:02:35,BTCUSD_PERP,bid,57100,563.48
2024-09-12 20:18:49,BTCUSD_PERP,bid,57100,563.35
2024-09-12 20:18:59,BTCUSD_PERP,bid,57100,577.06
2024-09-12 20:19:00,BTCUSD_PERP,bid,57100,579.11
2024-09-12 20:19:59,BTCUSD_PERP,bid,57100,565.4
2024-09-12 20:20:02,BTCUSD_PERP,bid,57100,563.35
2024-09-12 20:31:19,BTCUSD_PERP,bid,57100,564.76
2024-09-12 20:31:19,BTCUSD_PERP,bid,57100,620.78
2024-09-12 20:31:19,BTCUSD_PERP,bid,57100,677.38
2024-09-12 20:31:48,BTCUSD_PERP,bid,57100,620.78
2024-09-12 20:31:49,BTCUSD_PERP,bid,57100,564.18
2024-09-12 20:32:22,BTCUSD_PERP,bid,57300,564.93
2024-09-12 20:32:22,BTCUSD_PERP,bid,57300,621.66
2024-09-12 20:32:33,BTCUSD_PERP,bid,57300,621.79
2024-09-12 20:32:35,BTCUSD_PERP,bid,57300,565.63
2024-09-12 20:32:35,BTCUSD_PERP,bid,57200,565.77
2024-09-12 20:32:55,BTCUSD_PERP,bid,57200,747.37
2024-09-12 20:32:55,BTCUSD_PERP,bid,57200,804.04
2024-09-12 20:33:05,BTCUSD_PERP,bid,57200,747.94
2024-09-12 20:33:06,BTCUSD_PERP,bid,57200,691.27
2024-09-12 20:33:06,BTCUSD_PERP,bid,57200,635.17
2024-09-12 20:33:14,BTCUSD_PERP,bid,57200,621.67
2024-09-12 20:33:19,BTCUSD_PERP,bid,57200,621.47
2024-09-12 20:33:28,BTCUSD_PERP,bid,57200,565.39
2024-09-12 20:33:37,BTCUSD_PERP,bid,57200,564.76
2024-09-12 20:34:30,BTCUSD_PERP,bid,57300,523.88
2024-09-12 20:34:30,BTCUSD_PERP,bid,57300,580.06
2024-09-12 20:34:50,BTCUSD_PERP,bid,57300,565.58
2024-09-12 20:36:10,BTCUSD_PERP,bid,57200,564.37
2024-09-12 20:36:10,BTCUSD_PERP,bid,57200,861.4
2024-09-12 20:36:10,BTCUSD_PERP,bid,57200,918.08
2024-09-12 20:36:16,BTCUSD_PERP,bid,57200,846.17
2024-09-12 20:36:17,BTCUSD_PERP,bid,57200,902.82
2024-09-12 20:36:33,BTCUSD_PERP,bid,57200,790.1
2024-09-12 20:36:33,BTCUSD_PERP,bid,57200,733.45
2024-09-12 20:36:33,BTCUSD_PERP,bid,57200,620.73
2024-09-12 20:36:34,BTCUSD_PERP,bid,57200,564.52
2024-09-12 20:36:34,BTCUSD_PERP,bid,57200,677.9
2024-09-12 20:36:34,BTCUSD_PERP,bid,57200,734.59
2024-09-12 20:36:43,BTCUSD_PERP,bid,57200,678.47
2024-09-12 20:36:43,BTCUSD_PERP,bid,57200,621.87
2024-09-12 20:39:11,BTCUSD_PERP,bid,57300,622.3
2024-09-12 20:39:11,BTCUSD_PERP,bid,57300,679.04
2024-09-12 20:39:17,BTCUSD_PERP,bid,57200,565.84
2024-09-12 20:42:12,BTCUSD_PERP,bid,57200,564.43
2024-09-12 20:42:12,BTCUSD_PERP,bid,57200,621.11
2024-09-12 20:42:12,BTCUSD_PERP,bid,57200,733.9
2024-09-12 20:42:12,BTCUSD_PERP,bid,57200,847.26
2024-09-12 20:42:12,BTCUSD_PERP,bid,57200,903.36
2024-09-12 20:42:14,BTCUSD_PERP,bid,57200,1016.15
2024-09-12 20:42:14,BTCUSD_PERP,bid,57200,1072.83
2024-09-12 20:43:08,BTCUSD_PERP,bid,57200,903.37
2024-09-12 20:43:08,BTCUSD_PERP,bid,57200,846.69
2024-09-12 20:43:08,BTCUSD_PERP,bid,57200,733.43
2024-09-12 20:43:08,BTCUSD_PERP,bid,57200,620.07
2024-09-12 20:43:09,BTCUSD_PERP,bid,57200,563.96
2024-09-12 20:43:09,BTCUSD_PERP,bid,57200,565.26
2024-09-12 20:43:09,BTCUSD_PERP,bid,57200,677.42
2024-09-12 20:43:10,BTCUSD_PERP,bid,57200,733.5
2024-09-12 20:43:10,BTCUSD_PERP,bid,57200,902.31
2024-09-12 20:43:10,BTCUSD_PERP,bid,57200,958.96
2024-09-12 20:43:10,BTCUSD_PERP,bid,57200,1015.61
2024-09-12 20:43:10,BTCUSD_PERP,bid,57200,1072.26
2024-09-12 20:45:34,BTCUSD_PERP,bid,57100,1015.07
2024-09-12 20:45:34,BTCUSD_PERP,bid,57100,1071.69
2024-09-12 20:46:05,BTCUSD_PERP,bid,57100,563.83
2024-09-12 20:46:13,BTCUSD_PERP,bid,57100,563.29
2024-09-12 20:46:17,BTCUSD_PERP,bid,57000,562.23
2024-09-12 20:46:18,BTCUSD_PERP,bid,57000,618.69
2024-09-12 20:46:20,BTCUSD_PERP,bid,57000,562.58
2024-09-12 20:46:20,BTCUSD_PERP,bid,57000,618.5
2024-09-12 20:46:20,BTCUSD_PERP,bid,57000,675.0
2024-09-12 20:46:21,BTCUSD_PERP,bid,57000,731.5
2024-09-12 20:46:21,BTCUSD_PERP,bid,57000,788.0
2024-09-12 20:46:21,BTCUSD_PERP,bid,57000,788.13
2024-09-12 20:46:21,BTCUSD_PERP,bid,57000,844.63
2024-09-12 20:46:35,BTCUSD_PERP,bid,57000,787.59
2024-09-12 20:46:35,BTCUSD_PERP,bid,57000,844.06
2024-09-12 20:46:54,BTCUSD_PERP,bid,57000,562.87
2024-09-12 20:46:54,BTCUSD_PERP,bid,57000,618.76
2024-09-12 20:48:38,BTCUSD_PERP,bid,56800,729.78
2024-09-12 20:48:38,BTCUSD_PERP,bid,56800,786.1
2024-09-12 20:48:38,BTCUSD_PERP,bid,56800,842.42
2024-09-12 20:49:14,BTCUSD_PERP,bid,56800,672.53
2024-09-12 20:49:14,BTCUSD_PERP,bid,56800,728.82
2024-09-12 20:49:24,BTCUSD_PERP,bid,56800,616.81
2024-09-12 20:49:24,BTCUSD_PERP,bid,56800,561.09
2024-09-12 20:50:11,BTCUSD_PERP,bid,56800,672.51
2024-09-12 20:50:12,BTCUSD_PERP,bid,56800,728.79
2024-09-12 20:50:20,BTCUSD_PERP,bid,56800,616.23
2024-09-12 20:50:20,BTCUSD_PERP,bid,56800,559.95
2024-09-12 20:51:27,BTCUSD_PERP,bid,56900,567.89
2024-09-12 20:53:02,BTCUSD_PERP,bid,57000,562.46
2024-09-12 20:53:03,BTCUSD_PERP,bid,57000,618.89
2024-09-12 20:53:12,BTCUSD_PERP,bid,57000,562.46
2024-09-12 21:00:15,BTCUSD_PERP,bid,57000,619.03
2024-09-12 21:00:15,BTCUSD_PERP,bid,57000,675.54
2024-09-12 21:00:47,BTCUSD_PERP,bid,57000,619.03
2024-09-12 21:01:00,BTCUSD_PERP,bid,57100,563.53
2024-09-12 21:03:15,BTCUSD_PERP,bid,57200,620.5
2024-09-12 21:03:16,BTCUSD_PERP,bid,57200,677.13
2024-09-12 21:03:27,BTCUSD_PERP,bid,57200,621.08
2024-09-12 21:03:27,BTCUSD_PERP,bid,57200,564.45
2024-09-12 21:05:58,BTCUSD_PERP,bid,57200,563.99
2024-09-12 21:11:14,BTCUSD_PERP,bid,57200,564.89
2024-09-12 21:11:14,BTCUSD_PERP,bid,57200,635.22
2024-09-12 21:11:34,BTCUSD_PERP,bid,57200,564.61
2024-09-12 21:47:00,BTCUSD_PERP,bid,57100,567.57
2024-09-12 21:47:00,BTCUSD_PERP,bid,57100,905.39
2024-09-12 21:47:00,BTCUSD_PERP,bid,57100,962.0
2024-09-12 21:47:03,BTCUSD_PERP,bid,57100,620.43
2024-09-12 21:47:04,BTCUSD_PERP,bid,57100,677.04
2024-09-12 21:47:04,BTCUSD_PERP,bid,57100,733.07
2024-09-12 21:51:09,BTCUSD_PERP,bid,57300,566.44
2024-09-12 21:57:06,BTCUSD_PERP,bid,57200,565.33
2024-09-12 21:57:08,BTCUSD_PERP,bid,57200,565.03
2024-09-12 21:57:46,BTCUSD_PERP,bid,57200,564.22
2024-09-12 22:00:47,BTCUSD_PERP,bid,56900,561.47
2024-09-12 22:02:20,BTCUSD_PERP,bid,57100,563.19
2024-09-12 22:02:20,BTCUSD_PERP,bid,57100,675.71
2024-09-12 22:02:20,BTCUSD_PERP,bid,57100,732.16
2024-09-12 22:02:20,BTCUSD_PERP,bid,57100,844.68
2024-09-12 22:02:21,BTCUSD_PERP,bid,57100,901.23
2024-09-12 22:02:21,BTCUSD_PERP,bid,57000,549.74
2024-09-12 22:02:21,BTCUSD_PERP,bid,57100,957.78
2024-09-12 22:02:21,BTCUSD_PERP,bid,57100,1070.3
2024-09-12 22:02:25,BTCUSD_PERP,bid,57100,957.78
2024-09-12 22:02:27,BTCUSD_PERP,bid,57100,676.19
2024-09-12 22:02:27,BTCUSD_PERP,bid,57100,620.22
2024-09-12 22:02:27,BTCUSD_PERP,bid,57100,563.67
2024-09-12 22:03:39,BTCUSD_PERP,bid,57100,563.78
2024-09-12 22:03:48,BTCUSD_PERP,bid,57100,563.49
2024-09-12 22:04:11,BTCUSD_PERP,bid,57100,620.29
2024-09-12 22:04:12,BTCUSD_PERP,bid,57100,732.93
2024-09-12 22:04:12,BTCUSD_PERP,bid,57100,789.54
2024-09-12 22:04:22,BTCUSD_PERP,bid,57100,620.87
2024-09-12 22:04:59,BTCUSD_PERP,bid,57200,620.58
2024-09-12 22:04:59,BTCUSD_PERP,bid,57200,789.94
2024-09-12 22:04:59,BTCUSD_PERP,bid,57200,846.62
2024-09-12 22:05:06,BTCUSD_PERP,bid,57200,790.52
2024-09-12 22:05:07,BTCUSD_PERP,bid,57200,733.84
2024-09-12 22:05:07,BTCUSD_PERP,bid,57200,677.74
2024-09-12 22:05:07,BTCUSD_PERP,bid,57200,564.72
2024-09-12 22:05:07,BTCUSD_PERP,bid,57200,621.42
2024-09-12 22:05:10,BTCUSD_PERP,bid,57200,564.72
2024-09-12 22:06:50,BTCUSD_PERP,bid,57200,577.67
2024-09-12 22:08:42,BTCUSD_PERP,bid,57200,620.15
2024-09-12 22:08:42,BTCUSD_PERP,bid,57200,676.8
2024-09-12 22:08:50,BTCUSD_PERP,bid,57200,620.15
2024-09-12 22:08:50,BTCUSD_PERP,bid,57200,564.08
2024-09-12 22:10:50,BTCUSD_PERP,bid,57100,618.96
2024-09-12 22:10:51,BTCUSD_PERP,bid,57100,675.54
2024-09-12 22:10:51,BTCUSD_PERP,bid,57100,731.54
2024-09-12 22:10:51,BTCUSD_PERP,bid,57100,844.7
2024-09-12 22:11:12,BTCUSD_PERP,bid,57100,788.69
2024-09-12 22:11:13,BTCUSD_PERP,bid,57100,787.7
2024-09-12 22:11:13,BTCUSD_PERP,bid,57100,844.25
2024-09-12 22:11:49,BTCUSD_PERP,bid,57100,788.27
2024-09-12 22:11:49,BTCUSD_PERP,bid,57100,731.72
2024-09-12 22:11:49,BTCUSD_PERP,bid,57100,675.74
2024-09-12 22:11:49,BTCUSD_PERP,bid,57100,619.76
2024-09-12 22:11:49,BTCUSD_PERP,bid,57100,563.78
2024-09-12 22:12:21,BTCUSD_PERP,bid,57200,564.14
2024-09-12 22:12:22,BTCUSD_PERP,bid,57200,620.22
2024-09-12 22:13:00,BTCUSD_PERP,bid,57200,564.14
2024-09-12 22:13:02,BTCUSD_PERP,bid,57200,620.84
2024-09-12 22:13:02,BTCUSD_PERP,bid,57200,733.67
2024-09-12 22:13:02,BTCUSD_PERP,bid,57200,790.37
2024-09-12 22:13:02,BTCUSD_PERP,bid,57200,903.68
2024-09-12 22:13:02,BTCUSD_PERP,bid,57200,960.38
2024-09-12 22:13:10,BTCUSD_PERP,bid,57200,904.26
2024-09-12 22:13:10,BTCUSD_PERP,bid,57200,847.56
2024-09-12 22:13:10,BTCUSD_PERP,bid,57200,791.43
2024-09-12 22:13:10,BTCUSD_PERP,bid,57200,734.73
2024-09-12 22:13:11,BTCUSD_PERP,bid,57200,678.6
2024-09-12 22:13:11,BTCUSD_PERP,bid,57200,565.29
2024-09-12 22:13:35,BTCUSD_PERP,bid,57300,565.33
2024-09-12 22:13:35,BTCUSD_PERP,bid,57300,678.87
2024-09-12 22:13:55,BTCUSD_PERP,bid,57300,736.03
2024-09-12 22:13:55,BTCUSD_PERP,bid,57300,792.83
2024-09-12 22:14:09,BTCUSD_PERP,bid,57300,680.37
2024-09-12 22:14:09,BTCUSD_PERP,bid,57300,565.33
2024-09-12 22:14:09,BTCUSD_PERP,bid,57300,735.64
2024-09-12 22:14:09,BTCUSD_PERP,bid,57300,792.41
2024-09-12 22:15:07,BTCUSD_PERP,bid,57300,736.21
2024-09-12 22:15:07,BTCUSD_PERP,bid,57300,566.74
2024-09-12 22:15:07,BTCUSD_PERP,bid,57300,792.56
2024-09-12 22:15:07,BTCUSD_PERP,bid,57300,849.3
2024-09-12 22:15:43,BTCUSD_PERP,bid,57300,792.65
2024-09-12 22:15:43,BTCUSD_PERP,bid,57300,735.91
2024-09-12 22:15:43,BTCUSD_PERP,bid,57300,679.74
2024-09-12 22:15:43,BTCUSD_PERP,bid,57300,623.0
2024-09-12 22:15:43,BTCUSD_PERP,bid,57300,566.83
2024-09-12 22:15:43,BTCUSD_PERP,bid,57200,904.52
2024-09-12 22:15:44,BTCUSD_PERP,bid,57200,961.24
2024-09-12 22:15:44,BTCUSD_PERP,bid,57200,1017.38
2024-09-12 22:15:49,BTCUSD_PERP,bid,57200,960.66
2024-09-12 22:15:49,BTCUSD_PERP,bid,57200,847.8
2024-09-12 22:15:49,BTCUSD_PERP,bid,57200,791.66
2024-09-12 22:15:49,BTCUSD_PERP,bid,57200,735.05
2024-09-12 22:15:54,BTCUSD_PERP,bid,57200,623.1
2024-09-12 22:15:54,BTCUSD_PERP,bid,57200,679.75
2024-09-12 22:16:00,BTCUSD_PERP,bid,57100,563.51
2024-09-12 22:16:03,BTCUSD_PERP,bid,57100,563.22
2024-09-12 22:16:03,BTCUSD_PERP,bid,57100,563.46
2024-09-12 22:16:03,BTCUSD_PERP,bid,57100,620.01
2024-09-12 22:16:06,BTCUSD_PERP,bid,57100,564.03
2024-09-12 22:20:29,BTCUSD_PERP,bid,57200,551.1
2024-09-12 22:21:32,BTCUSD_PERP,bid,57200,564.76
2024-09-12 22:21:32,BTCUSD_PERP,bid,57200,621.42
2024-09-12 22:22:19,BTCUSD_PERP,bid,57200,565.34
2024-09-12 22:22:34,BTCUSD_PERP,bid,57100,563.8
2024-09-12 22:26:08,BTCUSD_PERP,bid,57000,563.97
2024-09-12 22:26:08,BTCUSD_PERP,bid,57000,620.48
2024-09-12 22:26:12,BTCUSD_PERP,bid,57000,620.12
2024-09-12 22:26:12,BTCUSD_PERP,bid,57000,676.6
2024-09-12 22:26:31,BTCUSD_PERP,bid,57000,620.12
2024-09-12 22:26:32,BTCUSD_PERP,bid,57000,563.64
2024-09-12 22:26:32,BTCUSD_PERP,bid,57000,619.77
2024-09-12 22:26:33,BTCUSD_PERP,bid,57000,675.71
2024-09-12 22:26:33,BTCUSD_PERP,bid,57000,732.22
2024-09-12 22:26:33,BTCUSD_PERP,bid,57000,844.66
2024-09-12 22:26:33,BTCUSD_PERP,bid,57000,957.68
2024-09-12 22:26:40,BTCUSD_PERP,bid,57000,788.15
2024-09-12 22:26:40,BTCUSD_PERP,bid,57000,731.64
2024-09-12 22:26:40,BTCUSD_PERP,bid,57000,675.71
2024-09-12 22:26:40,BTCUSD_PERP,bid,57000,619.3
2024-09-12 22:26:40,BTCUSD_PERP,bid,57100,623.31
2024-09-12 22:26:40,BTCUSD_PERP,bid,57100,736.39
2024-09-12 22:26:41,BTCUSD_PERP,bid,57100,792.36
2024-09-12 22:26:41,BTCUSD_PERP,bid,57100,848.9
2024-09-12 22:26:41,BTCUSD_PERP,bid,57100,905.44
2024-09-12 22:27:27,BTCUSD_PERP,bid,57100,848.99
2024-09-12 22:27:27,BTCUSD_PERP,bid,57100,792.45
2024-09-12 22:27:27,BTCUSD_PERP,bid,57100,679.37
2024-09-12 22:27:27,BTCUSD_PERP,bid,57100,623.4
2024-09-12 22:27:27,BTCUSD_PERP,bid,57100,676.01
2024-09-12 22:27:28,BTCUSD_PERP,bid,57100,732.59
2024-09-12 22:29:31,BTCUSD_PERP,bid,57100,676.58
2024-09-12 22:29:31,BTCUSD_PERP,bid,57100,620.0
2024-09-12 22:29:31,BTCUSD_PERP,bid,57100,563.42
2024-09-12 22:31:40,BTCUSD_PERP,bid,57200,563.61
2024-09-12 22:34:11,BTCUSD_PERP,bid,57200,564.59
2024-09-12 22:35:32,BTCUSD_PERP,bid,57100,675.89
2024-09-12 22:35:48,BTCUSD_PERP,bid,57100,619.32
2024-09-12 22:35:48,BTCUSD_PERP,bid,57100,677.48
2024-09-12 22:35:49,BTCUSD_PERP,bid,57100,733.51
2024-09-12 22:35:49,BTCUSD_PERP,bid,57100,790.12
2024-09-12 22:35:49,BTCUSD_PERP,bid,57100,846.15
2024-09-12 22:35:49,BTCUSD_PERP,bid,57100,902.18
2024-09-12 22:36:39,BTCUSD_PERP,bid,57100,958.79
2024-09-12 22:37:04,BTCUSD_PERP,bid,57100,846.73
2024-09-12 22:37:04,BTCUSD_PERP,bid,57200,563.97
2024-09-12 22:37:04,BTCUSD_PERP,bid,57200,620.03
2024-09-12 22:37:05,BTCUSD_PERP,bid,57200,676.09
2024-09-12 22:37:05,BTCUSD_PERP,bid,57200,732.73
2024-09-12 22:37:05,BTCUSD_PERP,bid,57200,902.65
2024-09-12 22:37:27,BTCUSD_PERP,bid,57200,846.01
2024-09-12 22:37:27,BTCUSD_PERP,bid,57200,789.96
2024-09-12 22:37:28,BTCUSD_PERP,bid,57200,733.32
2024-09-12 22:37:28,BTCUSD_PERP,bid,57200,620.62
2024-09-12 22:37:28,BTCUSD_PERP,bid,57200,564.56
2024-09-12 22:37:28,BTCUSD_PERP,bid,57200,620.37
2024-09-12 22:37:29,BTCUSD_PERP,bid,57200,733.71
2024-09-12 22:37:29,BTCUSD_PERP,bid,57200,903.14
2024-09-12 22:38:20,BTCUSD_PERP,bid,57200,847.05
2024-09-12 22:38:20,BTCUSD_PERP,bid,57200,790.38
2024-09-12 22:38:20,BTCUSD_PERP,bid,57200,733.71
2024-09-12 22:38:20,BTCUSD_PERP,bid,57200,620.47
2024-09-12 22:38:20,BTCUSD_PERP,bid,57200,563.8
2024-09-12 22:38:21,BTCUSD_PERP,bid,57200,902.65
2024-09-12 22:38:21,BTCUSD_PERP,bid,57200,959.29
2024-09-12 22:38:41,BTCUSD_PERP,bid,57200,903.23
2024-09-12 22:38:42,BTCUSD_PERP,bid,57100,902.08
2024-09-12 22:38:42,BTCUSD_PERP,bid,57100,958.68
2024-09-12 22:39:31,BTCUSD_PERP,bid,57100,901.6
2024-09-12 22:39:31,BTCUSD_PERP,bid,57100,958.17
2024-09-12 22:39:43,BTCUSD_PERP,bid,57100,901.6
2024-09-12 22:39:43,BTCUSD_PERP,bid,57100,845.61
2024-09-12 22:39:43,BTCUSD_PERP,bid,57100,677.04
2024-09-12 22:39:43,BTCUSD_PERP,bid,57100,620.47
2024-09-12 22:39:43,BTCUSD_PERP,bid,57100,563.9
2024-09-12 22:39:44,BTCUSD_PERP,bid,57100,620.22
2024-09-12 22:39:44,BTCUSD_PERP,bid,57100,676.25
2024-09-12 22:39:44,BTCUSD_PERP,bid,57100,732.85
2024-09-12 22:39:44,BTCUSD_PERP,bid,57100,789.45
2024-09-12 22:39:44,BTCUSD_PERP,bid,57100,958.68
2024-09-12 22:40:06,BTCUSD_PERP,bid,57100,846.05
2024-09-12 22:40:07,BTCUSD_PERP,bid,57100,734.0
2024-09-12 22:40:07,BTCUSD_PERP,bid,57100,677.4
2024-09-12 22:40:07,BTCUSD_PERP,bid,57100,620.8
2024-09-12 22:40:07,BTCUSD_PERP,bid,57100,564.2
2024-09-12 22:40:07,BTCUSD_PERP,bid,57200,563.42
2024-09-12 22:40:08,BTCUSD_PERP,bid,57200,620.05
2024-09-12 22:40:08,BTCUSD_PERP,bid,57200,733.31
2024-09-12 22:40:08,BTCUSD_PERP,bid,57200,789.94
2024-09-12 22:40:08,BTCUSD_PERP,bid,57200,903.2
2024-09-12 22:40:08,BTCUSD_PERP,bid,57200,959.26
2024-09-12 22:40:15,BTCUSD_PERP,bid,57200,846.58
2024-09-12 22:40:15,BTCUSD_PERP,bid,57200,733.32
2024-09-12 22:40:16,BTCUSD_PERP,bid,57200,676.78
2024-09-12 22:40:16,BTCUSD_PERP,bid,57200,620.15
2024-09-12 22:40:16,BTCUSD_PERP,bid,57200,623.22
2024-09-12 22:40:17,BTCUSD_PERP,bid,57200,679.88
2024-09-12 22:40:17,BTCUSD_PERP,bid,57200,735.97
2024-09-12 22:40:17,BTCUSD_PERP,bid,57200,848.15
2024-09-12 22:41:02,BTCUSD_PERP,bid,57200,846.96
2024-09-12 22:41:49,BTCUSD_PERP,bid,57200,790.3
2024-09-12 22:41:49,BTCUSD_PERP,bid,57200,733.64
2024-09-12 22:41:49,BTCUSD_PERP,bid,57200,676.98
2024-09-12 22:41:49,BTCUSD_PERP,bid,57200,620.89
2024-09-12 22:41:50,BTCUSD_PERP,bid,57200,564.23
2024-09-12 22:41:50,BTCUSD_PERP,bid,57200,565.15
2024-09-12 22:41:50,BTCUSD_PERP,bid,57200,621.85
2024-09-12 22:41:51,BTCUSD_PERP,bid,57200,734.67
2024-09-12 22:41:51,BTCUSD_PERP,bid,57200,791.37
2024-09-12 22:41:51,BTCUSD_PERP,bid,57200,903.61
2024-09-12 22:42:02,BTCUSD_PERP,bid,57200,846.91
2024-09-12 22:42:02,BTCUSD_PERP,bid,57200,846.47
2024-09-12 22:42:02,BTCUSD_PERP,bid,57200,903.14
2024-09-12 22:42:23,BTCUSD_PERP,bid,57200,733.13
2024-09-12 22:42:32,BTCUSD_PERP,bid,57100,848.71
2024-09-12 22:42:32,BTCUSD_PERP,bid,57100,905.31
2024-09-12 22:43:05,BTCUSD_PERP,bid,57100,623.45
2024-09-12 22:43:06,BTCUSD_PERP,bid,57100,731.89
2024-09-12 22:43:06,BTCUSD_PERP,bid,57100,788.46
2024-09-12 22:43:09,BTCUSD_PERP,bid,57100,675.9
2024-09-12 22:43:10,BTCUSD_PERP,bid,57100,733.77
2024-09-12 22:43:10,BTCUSD_PERP,bid,57100,790.31
2024-09-12 22:43:23,BTCUSD_PERP,bid,57100,734.34
2024-09-12 22:43:24,BTCUSD_PERP,bid,57100,677.8
2024-09-12 22:43:24,BTCUSD_PERP,bid,57100,565.29
2024-09-12 22:52:49,BTCUSD_PERP,bid,57000,562.04
2024-09-12 22:53:54,BTCUSD_PERP,bid,57000,605.74
2024-09-12 22:57:17,BTCUSD_PERP,bid,57000,676.15
2024-09-12 22:58:15,BTCUSD_PERP,bid,57000,619.7
2024-09-12 23:02:56,BTCUSD_PERP,bid,57100,562.67
2024-09-12 23:02:57,BTCUSD_PERP,bid,57100,619.24
2024-09-12 23:03:00,BTCUSD_PERP,bid,57100,675.24
2024-09-12 23:05:20,BTCUSD_PERP,bid,57100,563.02
2024-09-12 23:05:25,BTCUSD_PERP,bid,57000,619.2
2024-09-12 23:10:25,BTCUSD_PERP,bid,57100,563.62
2024-09-12 23:14:41,BTCUSD_PERP,bid,57200,571.12
2024-09-12 23:14:41,BTCUSD_PERP,bid,57200,627.83
2024-09-12 23:14:41,BTCUSD_PERP,bid,57200,627.96
2024-09-12 23:14:43,BTCUSD_PERP,bid,57200,629.16
2024-09-12 23:15:13,BTCUSD_PERP,bid,57200,564.82
2024-09-12 23:15:32,BTCUSD_PERP,bid,57200,573.03
2024-09-12 23:15:35,BTCUSD_PERP,bid,57300,565.19
2024-09-12 23:15:35,BTCUSD_PERP,bid,57300,621.36
2024-09-12 23:15:46,BTCUSD_PERP,bid,57300,565.19
2024-09-12 23:15:47,BTCUSD_PERP,bid,57300,566.75
2024-09-12 23:15:47,BTCUSD_PERP,bid,57300,622.95
2024-09-12 23:16:15,BTCUSD_PERP,bid,57300,622.2
2024-09-12 23:16:59,BTCUSD_PERP,bid,57300,565.99
2024-09-12 23:17:08,BTCUSD_PERP,bid,57300,565.69
