1726792566590,BTCUSDT,bid,47000,840.499
1726795704122,BTCUSDT,bid,60200,600.022
1726797639105,BTCUSDT,bid,60200,600.025
1726797921349,BTCUSDT,bid,60200,600.029
1726797947222,BTCUSDT,bid,60200,600.025
1726797972782,BTCUSDT,bid,60200,600.029
1726797998793,BTCUSDT,bid,60200,600.025
1726798063062,BTCUSDT,bid,60200,600.029
1726798075779,BTCUSDT,bid,60200,600.025
1726798131754,BTCUSDT,bid,60200,600.022
1726799980806,BTCUSDT,bid,60200,600.026
1726799993536,BTCUSDT,bid,60200,600.022
1726800682433,BTCUSDT,bid,47000,840.496
1726805285766,BTCUSDT,bid,47300,803.239
1726805567967,BTCUSDT,bid,47000,840.475
1726806330054,BTCUSDT,bid,47000,840.837
1726806537426,BTCUSDT,bid,47000,840.834
1726806570599,BTCUSDT,bid,47000,840.846
1726807450487,BTCUSDT,bid,47000,840.843
1726807797371,BTCUSDT,bid,47000,840.875
1726814179436,BTCUSDT,bid,47000,840.513
1726817548626,BTCUSDT,bid,47000,840.503
1726824372435,BTCUSDT,bid,47000,840.478
1726828542708,BTCUSDT,bid,47300,802.924
1726828581424,BTCUSDT,bid,63000,596.918
1726828583486,BTCUSDT,bid,63000,596.91
1726828586771,BTCUSDT,bid,63000,596.916
1726828601385,BTCUSDT,bid,62900,512.863
1726828607133,BTCUSDT,bid,63000,596.926
1726828623953,BTCUSDT,bid,62900,512.454
1726828629834,BTCUSDT,bid,63000,596.92
1726828635063,BTCUSDT,bid,62900,537.74
1726828639992,BTCUSDT,bid,63000,596.938
1726828646743,BTCUSDT,bid,62900,513.337
1726828647570,BTCUSDT,bid,62800,539.812
1726828650844,BTCUSDT,bid,62900,512.454
1726828674305,BTCUSDT,bid,62900,537.89
1726828677063,BTCUSDT,bid,63000,596.94
1726828689037,BTCUSDT,bid,63000,596.87
1726828703099,BTCUSDT,bid,62800,539.312
1726828704521,BTCUSDT,bid,62800,539.245
1726828705439,BTCUSDT,bid,62900,537.74
1726828708402,BTCUSDT,bid,62800,539.243
1726828714412,BTCUSDT,bid,63000,596.848
1726828717377,BTCUSDT,bid,62800,539.245
1726828729462,BTCUSDT,bid,62900,512.452
1726828735080,BTCUSDT,bid,62900,512.451
1726828739767,BTCUSDT,bid,63000,596.844
1726828743959,BTCUSDT,bid,62900,537.733
1726828745076,BTCUSDT,bid,62800,539.005
1726828753080,BTCUSDT,bid,63000,596.829
1726828760039,BTCUSDT,bid,62800,539.002
1726828760550,BTCUSDT,bid,63000,596.905
1726828762893,BTCUSDT,bid,62800,539.512
1726828768640,BTCUSDT,bid,62900,537.686
1726828771298,BTCUSDT,bid,62800,539.509
1726828780019,BTCUSDT,bid,63000,596.907
1726828783605,BTCUSDT,bid,62800,539.507
1726828784743,BTCUSDT,bid,63000,596.867
1726828787926,BTCUSDT,bid,62800,539.505
1726828791302,BTCUSDT,bid,63000,596.865
1726828797661,BTCUSDT,bid,63000,596.889
1726828807755,BTCUSDT,bid,62900,537.684
1726828809595,BTCUSDT,bid,62900,536.61
1726828820072,BTCUSDT,bid,62900,536.587
1726828820781,BTCUSDT,bid,63000,596.81
1726828823841,BTCUSDT,bid,63000,596.828
1726828829057,BTCUSDT,bid,62900,512.122
1726828830280,BTCUSDT,bid,62800,539.406
1726828832842,BTCUSDT,bid,63000,596.825
1726828850406,BTCUSDT,bid,63000,596.835
1726828864743,BTCUSDT,bid,62800,538.896
1726828871192,BTCUSDT,bid,63000,596.837
1726828875308,BTCUSDT,bid,63000,596.825
1726828899102,BTCUSDT,bid,63000,596.815
1726828907484,BTCUSDT,bid,63000,596.817
1726828907578,BTCUSDT,bid,62800,538.876
1726828907578,BTCUSDT,bid,63000,596.797
1726828917357,BTCUSDT,bid,63000,596.79
1726828917664,BTCUSDT,bid,63000,596.669
1726828922777,BTCUSDT,bid,63000,596.672
1726828923817,BTCUSDT,bid,62800,539.035
1726828952720,BTCUSDT,bid,63000,596.67
1726828952816,BTCUSDT,bid,62800,539.02
1726828952816,BTCUSDT,bid,63000,596.655
1726828962385,BTCUSDT,bid,63000,596.6
1726828966067,BTCUSDT,bid,62800,539.002
1726828968413,BTCUSDT,bid,63000,596.616
1726828976153,BTCUSDT,bid,63000,596.379
1726828976758,BTCUSDT,bid,63000,596.381
1726828977278,BTCUSDT,bid,62900,536.591
1726828981893,BTCUSDT,bid,63000,595.381
1726828987319,BTCUSDT,bid,62900,536.587
1726828992125,BTCUSDT,bid,62800,539.005
1726828992125,BTCUSDT,bid,63000,595.378
1726828992331,BTCUSDT,bid,62900,511.328
1726829023911,BTCUSDT,bid,63000,595.376
1726829025842,BTCUSDT,bid,62900,511.253
1726829026248,BTCUSDT,bid,63000,595.37
1726829038013,BTCUSDT,bid,63000,595.846
1726829041094,BTCUSDT,bid,63000,595.97
1726829041196,BTCUSDT,bid,63000,596.108
1726829041299,BTCUSDT,bid,63000,596.262
1726829041396,BTCUSDT,bid,63000,596.416
1726829060743,BTCUSDT,bid,63000,596.4
1726829067252,BTCUSDT,bid,63000,596.4
1726829100058,BTCUSDT,bid,62900,510.753
1726829105350,BTCUSDT,bid,62900,510.755
1726829113827,BTCUSDT,bid,63000,596.434
1726829116705,BTCUSDT,bid,63000,596.4
1726829128990,BTCUSDT,bid,62900,510.754
1726829128990,BTCUSDT,bid,62900,536.586
1726829128990,BTCUSDT,bid,63000,596.399
1726829141204,BTCUSDT,bid,63000,596.397
1726829149305,BTCUSDT,bid,62800,538.995
1726829169526,BTCUSDT,bid,63000,596.415
1726829169639,BTCUSDT,bid,63000,596.339
1726829172802,BTCUSDT,bid,63000,596.577
1726829180912,BTCUSDT,bid,63000,597.066
1726829182143,BTCUSDT,bid,62900,536.354
1726829203941,BTCUSDT,bid,63000,597.069
1726829229505,BTCUSDT,bid,63000,597.072
1726829229912,BTCUSDT,bid,63000,597.032
1726829234740,BTCUSDT,bid,62900,536.318
1726829236370,BTCUSDT,bid,63000,597.532
1726829244152,BTCUSDT,bid,62900,536.318
1726829244454,BTCUSDT,bid,62900,536.571
1726829252354,BTCUSDT,bid,63000,597.537
1726829266031,BTCUSDT,bid,63000,597.543
1726829266444,BTCUSDT,bid,63000,597.545
1726829277021,BTCUSDT,bid,63000,597.585
1726829280204,BTCUSDT,bid,63000,597.579
1726829280918,BTCUSDT,bid,62900,510.802
1726829284192,BTCUSDT,bid,63000,597.576
1726829293280,BTCUSDT,bid,62900,510.948
1726829316887,BTCUSDT,bid,63000,598.369
1726829321213,BTCUSDT,bid,63000,598.367
1726829353465,BTCUSDT,bid,63000,598.266
1726829380647,BTCUSDT,bid,62900,510.946
1726829399743,BTCUSDT,bid,63000,598.264
1726829405707,BTCUSDT,bid,63000,598.266
1726829447565,BTCUSDT,bid,63000,598.276
1726829477654,BTCUSDT,bid,63000,598.325
1726829477859,BTCUSDT,bid,63000,597.838
1726829483497,BTCUSDT,bid,63000,597.808
1726829488122,BTCUSDT,bid,63000,597.835
1726829488220,BTCUSDT,bid,62900,536.671
1726829504422,BTCUSDT,bid,62900,511.138
1726829509654,BTCUSDT,bid,63000,598.809
1726829513474,BTCUSDT,bid,63000,598.504
1726829526622,BTCUSDT,bid,62800,538.993
1726829548048,BTCUSDT,bid,62900,511.146
1726829553153,BTCUSDT,bid,63000,598.507
1726829591806,BTCUSDT,bid,62800,538.977
1726829623354,BTCUSDT,bid,63000,598.516
1726829625405,BTCUSDT,bid,63000,598.507
1726829643184,BTCUSDT,bid,63000,598.505
1726829647916,BTCUSDT,bid,62800,538.924
1726829677249,BTCUSDT,bid,62900,511.103
1726829681340,BTCUSDT,bid,63000,598.605
1726829683704,BTCUSDT,bid,63000,598.617
1726829724135,BTCUSDT,bid,63500,510.749
1726829727204,BTCUSDT,bid,63500,510.249
1726829727821,BTCUSDT,bid,63500,509.755
1726829729158,BTCUSDT,bid,63000,598.623
1726829730288,BTCUSDT,bid,63000,598.629
1726829740216,BTCUSDT,bid,63500,509.75
1726829742680,BTCUSDT,bid,63400,505.101
1726829746085,BTCUSDT,bid,63500,509.753
1726829750913,BTCUSDT,bid,63500,509.659
1726829754207,BTCUSDT,bid,63000,598.89
1726829757815,BTCUSDT,bid,63000,598.874
1726829761721,BTCUSDT,bid,63500,509.609
1726829762049,BTCUSDT,bid,63000,598.755
1726829780005,BTCUSDT,bid,63500,509.611
1726829790626,BTCUSDT,bid,63500,509.657
1726829795562,BTCUSDT,bid,63500,509.757
1726829799571,BTCUSDT,bid,63500,509.764
1726829800282,BTCUSDT,bid,63400,505.109
1726829800501,BTCUSDT,bid,62900,537.274
1726829806469,BTCUSDT,bid,63000,598.756
1726829808560,BTCUSDT,bid,63500,509.858
1726829816826,BTCUSDT,bid,63500,509.358
1726829817132,BTCUSDT,bid,63000,598.495
1726829819416,BTCUSDT,bid,63400,505.111
1726829820869,BTCUSDT,bid,63500,509.374
1726829822101,BTCUSDT,bid,63000,598.513
1726829824254,BTCUSDT,bid,63000,598.473
1726829825480,BTCUSDT,bid,63000,598.522
1726829829520,BTCUSDT,bid,63500,509.381
1726829833744,BTCUSDT,bid,63000,598.571
1726829836117,BTCUSDT,bid,63500,509.396
1726829838283,BTCUSDT,bid,63400,505.18
1726829839508,BTCUSDT,bid,63400,505.78
1726829842505,BTCUSDT,bid,63400,505.195
1726829851240,BTCUSDT,bid,63500,509.394
1726829852775,BTCUSDT,bid,62900,536.671
1726829857883,BTCUSDT,bid,63500,509.391
1726829867454,BTCUSDT,bid,63500,509.404
1726829876224,BTCUSDT,bid,63000,598.568
1726829879253,BTCUSDT,bid,63000,598.964
1726829885414,BTCUSDT,bid,63500,508.913
1726829893788,BTCUSDT,bid,63400,506.749
1726829893997,BTCUSDT,bid,63500,508.916
1726829894804,BTCUSDT,bid,63500,506.48
1726829896877,BTCUSDT,bid,63500,506.434
1726829896978,BTCUSDT,bid,63500,506.436
1726829899523,BTCUSDT,bid,63500,506.423
1726829900135,BTCUSDT,bid,63400,506.751
1726829900337,BTCUSDT,bid,63400,506.749
1726829906575,BTCUSDT,bid,63400,505.195
1726829908418,BTCUSDT,bid,47000,840.481
1726829910773,BTCUSDT,bid,63400,505.197
1726829914589,BTCUSDT,bid,63400,505.202
1726829915733,BTCUSDT,bid,63000,611.964
1726829919648,BTCUSDT,bid,63500,506.42
1726829920567,BTCUSDT,bid,63400,505.197
1726829920661,BTCUSDT,bid,62800,538.926
1726829938916,BTCUSDT,bid,63500,506.422
1726829942105,BTCUSDT,bid,63500,506.428
1726829945186,BTCUSDT,bid,63500,506.425
1726829945702,BTCUSDT,bid,63500,506.375
1726829947237,BTCUSDT,bid,63000,612.175
1726829950235,BTCUSDT,bid,63400,505.119
1726829950235,BTCUSDT,bid,63500,506.452
1726829958284,BTCUSDT,bid,63500,506.457
1726829960443,BTCUSDT,bid,62800,538.924
1726829961362,BTCUSDT,bid,63400,505.091
1726829964744,BTCUSDT,bid,63000,612.075
1726829969057,BTCUSDT,bid,63000,611.575
1726829969679,BTCUSDT,bid,63500,506.452
1726829978729,BTCUSDT,bid,63000,611.526
1726829986853,BTCUSDT,bid,62800,538.921
1726829986853,BTCUSDT,bid,63000,611.523
1726829986853,BTCUSDT,bid,63400,505.088
1726829987682,BTCUSDT,bid,63000,611.508
1726829988196,BTCUSDT,bid,63000,611.188
1726829996079,BTCUSDT,bid,63500,506.457
1726830001546,BTCUSDT,bid,63000,611.196
1726830007192,BTCUSDT,bid,63000,611.199
1726830011693,BTCUSDT,bid,62800,538.871
1726830013117,BTCUSDT,bid,63400,505.124
1726830013117,BTCUSDT,bid,63500,506.466
1726830014543,BTCUSDT,bid,63500,506.47
1726830014749,BTCUSDT,bid,62800,538.876
1726830016593,BTCUSDT,bid,63000,611.185
1726830019455,BTCUSDT,bid,63000,612.185
1726830024811,BTCUSDT,bid,62800,536.876
1726830028214,BTCUSDT,bid,62900,511.055
1726830030071,BTCUSDT,bid,63000,612.187
1726830037828,BTCUSDT,bid,63000,612.181
1726830040586,BTCUSDT,bid,63400,505.152
1726830040996,BTCUSDT,bid,63500,506.467
1726830041811,BTCUSDT,bid,63000,611.181
1726830042221,BTCUSDT,bid,62900,536.571
1726830044208,BTCUSDT,bid,63400,505.154
1726830049141,BTCUSDT,bid,63000,611.208
1726830059618,BTCUSDT,bid,63400,506.12
1726830064003,BTCUSDT,bid,63500,506.474
1726830064205,BTCUSDT,bid,63400,506.118
1726830068811,BTCUSDT,bid,63000,611.202
1726830079263,BTCUSDT,bid,63000,611.205
1726830084197,BTCUSDT,bid,62800,536.865
1726830084197,BTCUSDT,bid,62900,511.044
1726830084197,BTCUSDT,bid,63000,611.194
1726830084197,BTCUSDT,bid,63400,506.107
1726830084197,BTCUSDT,bid,63500,506.463
1726830088801,BTCUSDT,bid,63500,506.386
1726830094723,BTCUSDT,bid,63500,506.388
1726830098016,BTCUSDT,bid,62800,536.848
1726830098016,BTCUSDT,bid,63000,611.192
1726830100162,BTCUSDT,bid,63000,611.198
1726830103555,BTCUSDT,bid,63500,506.386
1726830107587,BTCUSDT,bid,63500,506.381
1726830111689,BTCUSDT,bid,63400,506.079
1726830113429,BTCUSDT,bid,63400,506.071
1726830117556,BTCUSDT,bid,63000,611.195
1726830121754,BTCUSDT,bid,63500,506.392
1726830123205,BTCUSDT,bid,63000,611.197
1726830127205,BTCUSDT,bid,62800,536.864
1726830128229,BTCUSDT,bid,63400,506.073
1726830155700,BTCUSDT,bid,63000,611.148
1726830165841,BTCUSDT,bid,63000,611.13
1726830166564,BTCUSDT,bid,63000,610.168
1726830169242,BTCUSDT,bid,62900,536.566
1726830177109,BTCUSDT,bid,63000,611.2
1726830188602,BTCUSDT,bid,63400,506.084
1726830190143,BTCUSDT,bid,63500,506.396
1726830207416,BTCUSDT,bid,63500,506.38
1726830207831,BTCUSDT,bid,63000,611.279
1726830212434,BTCUSDT,bid,63500,506.435
1726830215128,BTCUSDT,bid,63500,506.477
1726830216260,BTCUSDT,bid,63500,506.496
1726830224168,BTCUSDT,bid,62900,509.599
1726830239062,BTCUSDT,bid,63500,506.709
1726830239175,BTCUSDT,bid,63000,611.23
1726830239794,BTCUSDT,bid,63500,506.702
1726830242770,BTCUSDT,bid,63000,611.422
1726830246995,BTCUSDT,bid,63500,506.712
1726830257061,BTCUSDT,bid,63000,611.425
1726830262184,BTCUSDT,bid,62900,536.567
1726830266306,BTCUSDT,bid,63400,506.124
1726830266712,BTCUSDT,bid,63500,506.612
1726830270967,BTCUSDT,bid,63500,507.612
1726830271069,BTCUSDT,bid,63500,507.59
1726830279003,BTCUSDT,bid,63400,506.126
1726830280253,BTCUSDT,bid,62900,509.329
1726830294104,BTCUSDT,bid,63500,508.062
1726830299954,BTCUSDT,bid,63500,508.07
1726830302504,BTCUSDT,bid,63400,505.16
1726830305904,BTCUSDT,bid,63500,507.598
1726830308173,BTCUSDT,bid,63400,502.174
1726830308670,BTCUSDT,bid,63400,502.189
1726830313833,BTCUSDT,bid,62800,536.745
1726830313833,BTCUSDT,bid,62900,509.448
1726830328676,BTCUSDT,bid,63500,507.698
1726830334506,BTCUSDT,bid,63400,502.197
1726830335438,BTCUSDT,bid,63400,502.189
1726830339446,BTCUSDT,bid,63400,502.149
1726830340480,BTCUSDT,bid,63400,502.157
1726830341403,BTCUSDT,bid,63400,502.149
1726830343359,BTCUSDT,bid,63500,507.691
1726830343462,BTCUSDT,bid,63400,502.157
1726830344385,BTCUSDT,bid,63400,502.149
1726830347479,BTCUSDT,bid,63400,502.157
1726830348089,BTCUSDT,bid,63400,502.149
1726830352388,BTCUSDT,bid,63500,507.591
1726830365099,BTCUSDT,bid,63400,502.47
1726830367672,BTCUSDT,bid,63000,611.429
1726830367672,BTCUSDT,bid,63400,502.474
1726830375062,BTCUSDT,bid,63500,506.591
1726830375902,BTCUSDT,bid,62900,536.455
1726830378258,BTCUSDT,bid,62800,536.743
1726830378360,BTCUSDT,bid,63500,506.593
1726830384312,BTCUSDT,bid,63400,502.469
1726830385134,BTCUSDT,bid,63500,506.693
1726830385854,BTCUSDT,bid,62900,509.348
1726830385854,BTCUSDT,bid,63000,611.329
1726830393363,BTCUSDT,bid,63400,502.476
1726830397307,BTCUSDT,bid,63500,506.691
1726830401354,BTCUSDT,bid,63400,502.576
1726830402378,BTCUSDT,bid,63000,611.485
1726830409587,BTCUSDT,bid,63000,611.327
1726830415909,BTCUSDT,bid,63500,507.655
1726830418297,BTCUSDT,bid,63500,507.442
1726830421882,BTCUSDT,bid,63000,611.33
1726830427502,BTCUSDT,bid,63400,502.578
1726830428013,BTCUSDT,bid,63400,502.576
1726830430668,BTCUSDT,bid,63500,507.444
1726830433738,BTCUSDT,bid,63400,502.579
1726830434354,BTCUSDT,bid,63400,502.564
1726830434354,BTCUSDT,bid,63500,507.429
1726830437424,BTCUSDT,bid,63000,611.422
1726830446185,BTCUSDT,bid,63500,507.442
1726830448134,BTCUSDT,bid,63400,502.622
1726830449681,BTCUSDT,bid,62900,536.576
1726830450613,BTCUSDT,bid,63000,611.426
1726830453707,BTCUSDT,bid,63500,507.429
1726830456482,BTCUSDT,bid,63500,508.048
1726830456582,BTCUSDT,bid,63500,507.429
1726830458514,BTCUSDT,bid,63400,502.588
1726830459444,BTCUSDT,bid,63000,611.395
1726830459648,BTCUSDT,bid,63500,507.698
1726830470422,BTCUSDT,bid,63500,507.713
1726830471887,BTCUSDT,bid,63500,507.728
1726830478759,BTCUSDT,bid,63500,507.739
1726830482852,BTCUSDT,bid,63500,507.744
1726830483770,BTCUSDT,bid,63000,611.423
1726830484175,BTCUSDT,bid,63500,507.748
1726830490930,BTCUSDT,bid,63400,519.407
1726830496280,BTCUSDT,bid,63500,507.763
1726830500391,BTCUSDT,bid,63500,507.766
1726830502654,BTCUSDT,bid,63500,507.666
1726830505443,BTCUSDT,bid,63500,507.647
1726830508011,BTCUSDT,bid,63500,507.653
1726830508726,BTCUSDT,bid,63500,507.642
1726830509338,BTCUSDT,bid,63500,507.627
1726830510663,BTCUSDT,bid,63500,507.642
1726830513036,BTCUSDT,bid,63500,507.666
1726830515704,BTCUSDT,bid,63400,519.507
1726830523738,BTCUSDT,bid,63500,507.66
1726830523842,BTCUSDT,bid,62800,536.771
1726830524967,BTCUSDT,bid,63500,507.658
1726830527019,BTCUSDT,bid,63500,507.758
1726830528366,BTCUSDT,bid,63500,507.752
1726830532276,BTCUSDT,bid,63500,507.754
1726830532479,BTCUSDT,bid,63500,507.752
1726830539803,BTCUSDT,bid,63000,611.42
1726830545729,BTCUSDT,bid,63500,507.754
1726830553004,BTCUSDT,bid,63500,507.758
1726830555367,BTCUSDT,bid,63500,507.858
1726830564582,BTCUSDT,bid,63500,507.903
1726830564684,BTCUSDT,bid,63000,611.422
1726830573247,BTCUSDT,bid,63500,507.905
1726830581264,BTCUSDT,bid,63500,507.907
1726830582605,BTCUSDT,bid,62800,536.773
1726830583736,BTCUSDT,bid,63500,507.943
1726830583938,BTCUSDT,bid,63500,507.941
1726830586596,BTCUSDT,bid,63500,507.951
1726830589879,BTCUSDT,bid,63500,507.953
1726830590180,BTCUSDT,bid,63500,507.951
1726830590289,BTCUSDT,bid,63500,512.951
1726830591754,BTCUSDT,bid,63500,556.585
1726830591854,BTCUSDT,bid,63500,697.263
1726830596583,BTCUSDT,bid,63400,519.503
1726830599557,BTCUSDT,bid,63400,519.434
1726830601223,BTCUSDT,bid,63500,697.221
1726830602343,BTCUSDT,bid,63000,611.506
1726830611478,BTCUSDT,bid,62800,536.873
1726830614771,BTCUSDT,bid,63500,697.121
1726830615489,BTCUSDT,bid,63400,519.534
1726830621240,BTCUSDT,bid,63500,697.09
1726830632660,BTCUSDT,bid,63400,519.541
1726830634207,BTCUSDT,bid,62800,536.871
1726830634207,BTCUSDT,bid,62900,509.346
1726830634207,BTCUSDT,bid,63000,611.504
1726830635222,BTCUSDT,bid,63400,519.543
1726830636161,BTCUSDT,bid,62800,536.672
1726830636161,BTCUSDT,bid,63000,611.464
1726830636161,BTCUSDT,bid,63500,697.13
1726830636975,BTCUSDT,bid,63400,519.547
1726830650257,BTCUSDT,bid,63500,697.133
1726830655964,BTCUSDT,bid,63400,519.55
1726830657405,BTCUSDT,bid,62900,509.29
1726830660701,BTCUSDT,bid,62800,535.876
1726830661619,BTCUSDT,bid,63500,697.213
1726830661824,BTCUSDT,bid,63500,697.249
1726830662639,BTCUSDT,bid,63500,697.169
1726830662841,BTCUSDT,bid,63500,697.133
1726830664581,BTCUSDT,bid,63500,697.148
1726830664688,BTCUSDT,bid,63500,697.228
1726830664791,BTCUSDT,bid,63500,697.264
1726830665515,BTCUSDT,bid,63000,611.414
1726830666658,BTCUSDT,bid,63500,697.184
1726830667691,BTCUSDT,bid,63500,697.224
1726830668310,BTCUSDT,bid,62900,536.893
1726830671632,BTCUSDT,bid,63500,697.184
1726830671831,BTCUSDT,bid,63500,697.148
1726830672050,BTCUSDT,bid,63500,697.142
1726830672656,BTCUSDT,bid,63500,697.182
1726830673608,BTCUSDT,bid,63500,697.142
1726830682879,BTCUSDT,bid,63000,628.339
1726830682879,BTCUSDT,bid,63400,502.731
1726830686310,BTCUSDT,bid,62800,535.89
1726830686923,BTCUSDT,bid,63500,697.138
1726830687227,BTCUSDT,bid,63500,697.152
1726830687328,BTCUSDT,bid,63400,502.724
1726830688336,BTCUSDT,bid,62800,535.876
1726830688440,BTCUSDT,bid,63500,697.112
1726830689362,BTCUSDT,bid,63500,697.731
1726830689874,BTCUSDT,bid,63500,697.112
1726830691604,BTCUSDT,bid,63500,697.19
1726830711076,BTCUSDT,bid,63400,502.905
1726830714767,BTCUSDT,bid,63400,502.983
1726830718286,BTCUSDT,bid,63500,697.176
1726830721263,BTCUSDT,bid,63400,503.093
1726830722103,BTCUSDT,bid,63500,697.171
1726830725175,BTCUSDT,bid,63500,697.249
1726830743260,BTCUSDT,bid,63500,697.213
1726830744588,BTCUSDT,bid,62800,535.843
1726830744693,BTCUSDT,bid,63500,697.168
1726830745097,BTCUSDT,bid,63500,697.683
1726830749601,BTCUSDT,bid,63500,697.668
1726830749804,BTCUSDT,bid,63000,628.403
1726830750113,BTCUSDT,bid,62900,536.772
1726830751133,BTCUSDT,bid,63400,503.097
1726830751959,BTCUSDT,bid,63500,697.574
1726830758011,BTCUSDT,bid,63500,697.967
1726830758114,BTCUSDT,bid,63000,628.412
1726830761506,BTCUSDT,bid,63500,697.951
1726830761810,BTCUSDT,bid,63000,628.476
1726830761810,BTCUSDT,bid,63500,697.965
1726830765197,BTCUSDT,bid,62800,536.093
1726830766623,BTCUSDT,bid,63400,503.093
1726830766623,BTCUSDT,bid,63500,697.967
1726830770729,BTCUSDT,bid,63500,698.021
1726830773604,BTCUSDT,bid,63500,698.019
1726830775134,BTCUSDT,bid,63400,502.993
1726830796709,BTCUSDT,bid,63000,628.47
1726830797840,BTCUSDT,bid,63400,503.114
1726830805316,BTCUSDT,bid,63400,502.933
1726830806450,BTCUSDT,bid,63400,502.723
1726830806554,BTCUSDT,bid,62800,536.1
1726830810359,BTCUSDT,bid,63000,628.442
1726830811297,BTCUSDT,bid,63500,698.199
1726830815402,BTCUSDT,bid,63400,502.665
1726830819605,BTCUSDT,bid,63500,706.199
1726830821360,BTCUSDT,bid,63500,706.206
1726830827953,BTCUSDT,bid,63500,706.221
1726830829184,BTCUSDT,bid,63500,706.268
1726830829492,BTCUSDT,bid,63500,708.979
1726830830405,BTCUSDT,bid,63500,708.971
1726830830705,BTCUSDT,bid,62800,536.114
1726830832702,BTCUSDT,bid,62800,536.1
1726830833834,BTCUSDT,bid,63500,708.456
1726830836805,BTCUSDT,bid,63500,708.459
1726830840822,BTCUSDT,bid,63000,628.444
1726830845148,BTCUSDT,bid,63000,628.442
1726830847303,BTCUSDT,bid,62800,536.096
1726830849245,BTCUSDT,bid,63500,705.709
1726830849755,BTCUSDT,bid,63500,705.787
1726830851925,BTCUSDT,bid,63000,628.449
1726830852736,BTCUSDT,bid,63000,628.453
1726830853055,BTCUSDT,bid,63500,705.837
1726830855730,BTCUSDT,bid,63500,706.412
1726830855954,BTCUSDT,bid,63000,628.458
1726830860273,BTCUSDT,bid,63000,628.428
1726830867554,BTCUSDT,bid,62900,509.3
1726830868683,BTCUSDT,bid,63500,706.415
1726830873710,BTCUSDT,bid,63400,502.759
1726830874118,BTCUSDT,bid,63500,706.422
1726830879604,BTCUSDT,bid,63500,706.522
1726830880426,BTCUSDT,bid,63500,706.498
1726830884827,BTCUSDT,bid,63000,628.438
1726830886405,BTCUSDT,bid,63000,628.396
1726830891253,BTCUSDT,bid,63500,706.501
1726830895286,BTCUSDT,bid,63500,706.506
1726830896718,BTCUSDT,bid,63500,702.506
1726830899679,BTCUSDT,bid,63500,702.533
1726830902134,BTCUSDT,bid,63000,628.391
1726830902852,BTCUSDT,bid,62900,509.29
1726830902953,BTCUSDT,bid,62800,536.11
1726830904997,BTCUSDT,bid,62800,536.096
1726830905810,BTCUSDT,bid,63400,506.759
1726830913010,BTCUSDT,bid,63400,506.799
1726830916005,BTCUSDT,bid,63000,628.387
1726830917146,BTCUSDT,bid,63500,701.958
1726830918507,BTCUSDT,bid,63500,701.998
1726830919014,BTCUSDT,bid,63500,701.958
1726830919840,BTCUSDT,bid,63500,701.88
1726830922179,BTCUSDT,bid,62800,535.937
1726830923198,BTCUSDT,bid,63500,701.883
1726830923711,BTCUSDT,bid,63500,701.88
1726830947857,BTCUSDT,bid,63500,701.88
1726830949393,BTCUSDT,bid,63000,628.391
1726830950631,BTCUSDT,bid,63400,506.802
1726830951143,BTCUSDT,bid,63000,628.395
1726830956403,BTCUSDT,bid,63500,701.881
1726830959145,BTCUSDT,bid,63400,507.302
1726830960071,BTCUSDT,bid,62900,509.295
1726830963037,BTCUSDT,bid,63500,701.883
1726830963752,BTCUSDT,bid,63400,507.299
1726830968267,BTCUSDT,bid,63500,701.908
1726830968366,BTCUSDT,bid,63500,701.898
1726830969589,BTCUSDT,bid,62800,535.947
1726830970102,BTCUSDT,bid,62800,535.91
1726830974492,BTCUSDT,bid,63000,628.347
1726830974584,BTCUSDT,bid,63500,701.934
1726830976026,BTCUSDT,bid,63500,701.958
1726830976336,BTCUSDT,bid,63500,701.974
1726830976948,BTCUSDT,bid,63500,702.131
1726830978381,BTCUSDT,bid,63400,507.359
1726830979092,BTCUSDT,bid,63500,701.752
1726830980116,BTCUSDT,bid,63500,701.761
1726830981037,BTCUSDT,bid,63500,701.46
1726830981137,BTCUSDT,bid,63500,701.764
1726830982062,BTCUSDT,bid,63500,701.46
1726830983938,BTCUSDT,bid,63500,701.458
1726830984040,BTCUSDT,bid,63500,701.758
1726830985088,BTCUSDT,bid,63500,701.758
1726830986109,BTCUSDT,bid,63500,701.458
1726830986722,BTCUSDT,bid,63400,507.357
1726830987235,BTCUSDT,bid,63500,701.743
1726830988063,BTCUSDT,bid,63500,701.454
1726830988366,BTCUSDT,bid,63500,701.457
1726830989406,BTCUSDT,bid,63500,701.457
1726830989615,BTCUSDT,bid,63500,701.457
1726830989717,BTCUSDT,bid,63500,701.454
1726830990123,BTCUSDT,bid,63500,525.651
1726830990221,BTCUSDT,bid,63500,525.723
1726830990327,BTCUSDT,bid,63500,525.047
1726830990426,BTCUSDT,bid,63500,525.05
1726830990530,BTCUSDT,bid,63500,525.044
1726830990633,BTCUSDT,bid,63500,525.018
1726830990735,BTCUSDT,bid,63500,525.012
1726830990835,BTCUSDT,bid,63500,524.939
1726830990936,BTCUSDT,bid,63500,524.949
1726830991039,BTCUSDT,bid,63500,524.843
1726830991140,BTCUSDT,bid,63500,523.333
1726830991245,BTCUSDT,bid,63500,523.097
1726830991347,BTCUSDT,bid,63500,523.095
1726830991450,BTCUSDT,bid,63500,522.99
1726830991550,BTCUSDT,bid,63500,522.993
1726830991653,BTCUSDT,bid,63500,522.994
1726830991753,BTCUSDT,bid,63500,522.987
1726830991857,BTCUSDT,bid,63500,522.968
1726830991958,BTCUSDT,bid,63500,522.751
1726830992059,BTCUSDT,bid,63000,628.547
1726830992160,BTCUSDT,bid,63500,499.697
1726830992467,BTCUSDT,bid,63400,507.363
1726830992467,BTCUSDT,bid,63500,499.685
1726830992874,BTCUSDT,bid,63500,499.689
1726830992981,BTCUSDT,bid,63500,499.69
1726830993695,BTCUSDT,bid,63500,499.748
1726830994629,BTCUSDT,bid,63500,499.779
1726830996072,BTCUSDT,bid,63500,496.035
1726830996171,BTCUSDT,bid,63500,496.359
1726830996277,BTCUSDT,bid,63500,496.272
1726830996482,BTCUSDT,bid,63500,496.272
1726830996591,BTCUSDT,bid,63500,496.275
1726830996796,BTCUSDT,bid,63500,496.516
1726830996897,BTCUSDT,bid,63500,496.516
1726830997199,BTCUSDT,bid,63500,496.229
1726830997508,BTCUSDT,bid,63500,496.215
1726831001115,BTCUSDT,bid,63500,496.943
1726831002457,BTCUSDT,bid,62800,535.912
1726831003179,BTCUSDT,bid,63500,496.643
1726831004003,BTCUSDT,bid,63500,496.727
1726831004835,BTCUSDT,bid,63500,496.827
1726831005139,BTCUSDT,bid,63500,496.727
1726831008037,BTCUSDT,bid,63000,628.549
1726831009402,BTCUSDT,bid,63500,496.643
1726831011772,BTCUSDT,bid,63500,495.679
1726831011979,BTCUSDT,bid,63500,501.38
1726831012402,BTCUSDT,bid,63400,507.357
1726831013746,BTCUSDT,bid,63500,498.525
1726831014455,BTCUSDT,bid,63500,498.256
1726831015188,BTCUSDT,bid,63500,498.254
1726831015503,BTCUSDT,bid,63500,498.25
1726831016419,BTCUSDT,bid,63500,498.351
1726831018787,BTCUSDT,bid,63500,501.473
1726831018886,BTCUSDT,bid,63500,498.351
1726831020726,BTCUSDT,bid,63500,498.344
1726831021767,BTCUSDT,bid,63500,501.348
1726831021975,BTCUSDT,bid,63500,498.344
1726831022385,BTCUSDT,bid,63500,498.351
1726831024237,BTCUSDT,bid,63500,498.336
1726831025170,BTCUSDT,bid,63500,500.728
1726831025681,BTCUSDT,bid,63500,497.603
1726831026402,BTCUSDT,bid,62800,535.914
1726831026815,BTCUSDT,bid,63500,497.683
1726831027970,BTCUSDT,bid,63500,497.623
1726831028372,BTCUSDT,bid,63500,498.172
1726831030825,BTCUSDT,bid,63500,498.172
1726831031228,BTCUSDT,bid,63500,498.492
1726831031331,BTCUSDT,bid,63500,498.172
1726831037352,BTCUSDT,bid,63500,498.178
1726831039389,BTCUSDT,bid,63500,498.218
1726831039902,BTCUSDT,bid,63500,498.178
1726831046803,BTCUSDT,bid,63500,498.181
1726831047616,BTCUSDT,bid,62900,537.558
1726831048121,BTCUSDT,bid,62900,538.344
1726831049854,BTCUSDT,bid,63000,628.707
1726831052001,BTCUSDT,bid,63000,628.718
1726831066288,BTCUSDT,bid,63000,628.688
1726831069162,BTCUSDT,bid,62900,539.136
1726831071940,BTCUSDT,bid,63500,498.15
1726831072760,BTCUSDT,bid,63500,498.165
1726831074091,BTCUSDT,bid,63500,498.065
1726831075835,BTCUSDT,bid,63500,493.065
1726831077073,BTCUSDT,bid,63500,493.067
1726831079538,BTCUSDT,bid,63500,493.139
1726831080562,BTCUSDT,bid,63500,493.202
1726831081480,BTCUSDT,bid,63400,507.4
1726831093338,BTCUSDT,bid,63500,493.152
1726831096749,BTCUSDT,bid,63000,628.685
1726831098787,BTCUSDT,bid,63000,628.653
1726831098895,BTCUSDT,bid,63500,493.161
1726831109276,BTCUSDT,bid,63000,628.675
1726831109790,BTCUSDT,bid,63500,493.178
1726831114017,BTCUSDT,bid,63400,507.36
1726831114017,BTCUSDT,bid,63500,493.183
1726831114423,BTCUSDT,bid,62900,510.082
1726831114730,BTCUSDT,bid,63500,493.215
1726831118202,BTCUSDT,bid,63400,507.26
1726831120780,BTCUSDT,bid,63500,493.217
1726831121494,BTCUSDT,bid,63500,493.22
1726831125734,BTCUSDT,bid,63500,493.311
1726831127467,BTCUSDT,bid,62800,535.919
1726831127768,BTCUSDT,bid,63500,490.465
1726831128385,BTCUSDT,bid,63500,490.469
1726831128795,BTCUSDT,bid,63000,628.684
1726831129508,BTCUSDT,bid,63400,507.15
1726831129508,BTCUSDT,bid,63500,490.578
1726831135261,BTCUSDT,bid,63500,490.735
1726831136079,BTCUSDT,bid,63000,628.682
1726831137508,BTCUSDT,bid,63500,490.829
1726831139036,BTCUSDT,bid,63500,491.343
1726831152258,BTCUSDT,bid,63000,628.713
1726831153597,BTCUSDT,bid,63000,629.713
1726831155965,BTCUSDT,bid,63000,628.713
1726831156479,BTCUSDT,bid,63400,507.16
1726831158415,BTCUSDT,bid,62800,535.917
1726831159430,BTCUSDT,bid,62900,538.344
1726831159430,BTCUSDT,bid,63500,491.583
1726831159632,BTCUSDT,bid,62900,509.295
1726831159734,BTCUSDT,bid,62900,537.558
1726831160648,BTCUSDT,bid,62900,536.772
1726831161057,BTCUSDT,bid,63400,507.066
1726831163806,BTCUSDT,bid,63000,628.715
1726831165254,BTCUSDT,bid,63500,491.705
1726831165357,BTCUSDT,bid,63500,491.604
1726831167003,BTCUSDT,bid,62900,509.939
1726831167110,BTCUSDT,bid,63500,491.606
1726831167515,BTCUSDT,bid,63500,491.534
1726831167616,BTCUSDT,bid,63500,491.537
1726831170479,BTCUSDT,bid,63000,628.584
1726831171713,BTCUSDT,bid,63500,491.535
1726831191212,BTCUSDT,bid,63500,491.378
1726831198969,BTCUSDT,bid,63500,491.375
1726831199177,BTCUSDT,bid,63000,628.584
1726831201414,BTCUSDT,bid,63500,491.384
1726831201515,BTCUSDT,bid,63500,491.386
1726831202032,BTCUSDT,bid,63500,491.388
1726831203672,BTCUSDT,bid,63500,491.356
1726831219946,BTCUSDT,bid,63500,491.36
1726831222207,BTCUSDT,bid,63500,491.266
1726831222619,BTCUSDT,bid,63500,491.251
1726831226653,BTCUSDT,bid,63500,491.29
1726831229925,BTCUSDT,bid,63000,628.332
1726831230026,BTCUSDT,bid,63500,491.288
1726831237519,BTCUSDT,bid,63500,491.329
1726831238550,BTCUSDT,bid,63400,507.666
1726831239580,BTCUSDT,bid,63400,507.066
1726831252370,BTCUSDT,bid,63000,628.335
1726831253611,BTCUSDT,bid,63500,486.585
1726831262581,BTCUSDT,bid,63400,506.966
1726831290509,BTCUSDT,bid,63400,506.919
1726831292245,BTCUSDT,bid,63000,628.327
1726831301179,BTCUSDT,bid,63400,506.921
1726831301384,BTCUSDT,bid,63400,506.919
1726831301690,BTCUSDT,bid,63400,506.921
1726831301904,BTCUSDT,bid,63400,506.919
1726831302418,BTCUSDT,bid,63400,506.921
1726831302625,BTCUSDT,bid,63400,506.919
1726831303448,BTCUSDT,bid,63400,506.921
1726831303653,BTCUSDT,bid,63400,506.919
1726831323728,BTCUSDT,bid,63000,628.296
1726831323823,BTCUSDT,bid,63000,628.346
1726831346106,BTCUSDT,bid,63000,628.286
1726831356934,BTCUSDT,bid,63400,506.766
1726831372185,BTCUSDT,bid,63000,628.271
1726831378577,BTCUSDT,bid,63000,628.253
1726831403379,BTCUSDT,bid,63000,628.256
1726831403379,BTCUSDT,bid,63400,506.769
1726831422388,BTCUSDT,bid,63000,628.192
1726831431905,BTCUSDT,bid,63000,628.184
1726831468553,BTCUSDT,bid,63000,628.182
1726831491204,BTCUSDT,bid,63000,628.175
1726831492125,BTCUSDT,bid,63000,628.177
1726831505771,BTCUSDT,bid,63400,507.241
1726831521989,BTCUSDT,bid,63400,506.769
1726831529395,BTCUSDT,bid,63000,628.208
1726831529809,BTCUSDT,bid,62800,535.919
1726831537092,BTCUSDT,bid,62900,509.941
1726831569076,BTCUSDT,bid,63000,628.21
1726831578674,BTCUSDT,bid,62800,595.919
1726831603044,BTCUSDT,bid,62800,595.953
1726831618156,BTCUSDT,bid,63400,506.809
1726831618668,BTCUSDT,bid,63400,506.769
1726831626555,BTCUSDT,bid,63000,628.218
1726831628294,BTCUSDT,bid,63000,628.224
1726831636119,BTCUSDT,bid,63000,628.131
1726831648105,BTCUSDT,bid,63400,506.776
1726831653928,BTCUSDT,bid,62800,595.853
1726831657141,BTCUSDT,bid,62800,595.956
1726831669103,BTCUSDT,bid,63000,628.138
1726831669408,BTCUSDT,bid,63400,506.774
1726831671760,BTCUSDT,bid,63400,506.789
1726831671861,BTCUSDT,bid,63400,506.791
1726831672167,BTCUSDT,bid,63400,506.796
1726831673090,BTCUSDT,bid,63400,506.781
1726831677890,BTCUSDT,bid,63000,628.144
1726831678199,BTCUSDT,bid,62900,509.947
1726831685261,BTCUSDT,bid,63000,628.146
1726831697322,BTCUSDT,bid,63400,506.801
1726831697939,BTCUSDT,bid,62900,509.954
1726831702141,BTCUSDT,bid,62800,595.963
1726831702249,BTCUSDT,bid,62800,596.053
1726831704111,BTCUSDT,bid,63400,510.015
1726831705445,BTCUSDT,bid,62800,596.055
1726831705445,BTCUSDT,bid,63400,510.356
1726831705546,BTCUSDT,bid,63400,510.015
1726831705648,BTCUSDT,bid,63000,611.271
1726831706865,BTCUSDT,bid,63400,510.007
1726831706967,BTCUSDT,bid,63400,510.043
1726831709325,BTCUSDT,bid,63000,611.226
1726831711067,BTCUSDT,bid,63400,510.045
1726831712922,BTCUSDT,bid,63400,510.068
1726831715897,BTCUSDT,bid,63400,510.313
1726831720291,BTCUSDT,bid,63000,611.126
1726831720696,BTCUSDT,bid,63000,612.219
1726831721932,BTCUSDT,bid,63400,510.31
1726831723468,BTCUSDT,bid,63400,510.51
1726831726554,BTCUSDT,bid,63000,612.063
1726831730431,BTCUSDT,bid,63400,510.31
1726831731054,BTCUSDT,bid,63400,510.313
1726831735068,BTCUSDT,bid,63400,510.336
1726831735374,BTCUSDT,bid,63400,510.438
1726831743177,BTCUSDT,bid,63000,611.963
1726831748925,BTCUSDT,bid,63400,510.402
1726831751994,BTCUSDT,bid,63000,611.966
1726831760565,BTCUSDT,bid,63400,510.404
1726831764778,BTCUSDT,bid,63400,510.451
1726831767247,BTCUSDT,bid,63000,613.217
1726831767452,BTCUSDT,bid,63400,510.404
1726831769502,BTCUSDT,bid,63400,510.406
1726831769805,BTCUSDT,bid,63400,510.404
1726831770616,BTCUSDT,bid,63000,613.26
1726831771023,BTCUSDT,bid,63400,510.41
1726831774427,BTCUSDT,bid,63400,510.433
1726831779253,BTCUSDT,bid,63000,613.266
1726831779358,BTCUSDT,bid,63000,612.987
1726831791804,BTCUSDT,bid,63400,510.774
1726831792923,BTCUSDT,bid,63400,510.433
1726831794262,BTCUSDT,bid,63400,510.482
1726831799378,BTCUSDT,bid,63400,510.49
1726831800813,BTCUSDT,bid,63400,510.528
1726790452244,BTCUSD_PERP,bid,62400,554.14
1726790452346,BTCUSD_PERP,bid,62400,677.21
1726790452454,BTCUSD_PERP,bid,62400,739.06
1726790452732,BTCUSD_PERP,bid,62400,862.14
1726790452851,BTCUSD_PERP,bid,62400,923.99
1726790585290,BTCUSD_PERP,bid,62400,677.53
1726790585386,BTCUSD_PERP,bid,62400,861.71
1726790606788,BTCUSD_PERP,bid,62400,737.7
1726790606889,BTCUSD_PERP,bid,62400,922.44
1726790627455,BTCUSD_PERP,bid,62400,860.65
1726790627558,BTCUSD_PERP,bid,62400,492.43
1726790627661,BTCUSD_PERP,bid,62300,921.98
1726790656505,BTCUSD_PERP,bid,62300,860.22
1726790656607,BTCUSD_PERP,bid,62300,737.96
1726790656713,BTCUSD_PERP,bid,62300,676.83
1726790656811,BTCUSD_PERP,bid,62300,553.31
1726790657108,BTCUSD_PERP,bid,62300,491.55
1726790657413,BTCUSD_PERP,bid,62400,492.44
1726790657517,BTCUSD_PERP,bid,62400,616.02
1726790657720,BTCUSD_PERP,bid,62400,799.5
1726790657825,BTCUSD_PERP,bid,62400,861.29
1726790715470,BTCUSD_PERP,bid,62400,491.81
1726790715687,BTCUSD_PERP,bid,62400,492.08
1726790725484,BTCUSD_PERP,bid,62400,614.73
1726790792005,BTCUSD_PERP,bid,62400,491.79
1726790822100,BTCUSD_PERP,bid,62300,506.07
1726790942851,BTCUSD_PERP,bid,62300,491.26
1726790968836,BTCUSD_PERP,bid,62300,491.56
1726791009647,BTCUSD_PERP,bid,62300,490.58
1726791009744,BTCUSD_PERP,bid,62300,552.3
1726791009949,BTCUSD_PERP,bid,62300,614.02
1726791114237,BTCUSD_PERP,bid,62300,552.94
1726791114953,BTCUSD_PERP,bid,62300,614.36
1726791420690,BTCUSD_PERP,ask,63500,502.15
1726791443773,BTCUSD_PERP,ask,63500,492.09
1726791525449,BTCUSD_PERP,bid,62300,490.61
1726791526941,BTCUSD_PERP,bid,62300,490.76
1726791728212,BTCUSD_PERP,bid,62300,490.61
1726791926060,BTCUSD_PERP,bid,62300,490.35
1726791930850,BTCUSD_PERP,bid,62300,502.48
1726791936579,BTCUSD_PERP,bid,62300,502.63
1726791941151,BTCUSD_PERP,bid,62300,502.78
1726792355904,BTCUSD_PERP,ask,63400,481.39
1726792356866,BTCUSD_PERP,ask,63400,502.31
1726792358392,BTCUSD_PERP,ask,63400,512.45
1726792424148,BTCUSD_PERP,bid,62100,796.39
1726792430777,BTCUSD_PERP,bid,62100,735.47
1726792430879,BTCUSD_PERP,bid,62100,551.45
1726792526773,BTCUSD_PERP,bid,62200,493.29
1726792541764,BTCUSD_PERP,bid,62100,869.96
1726792567240,BTCUSD_PERP,bid,62100,808.41
1726792567341,BTCUSD_PERP,bid,62100,746.86
1726792567645,BTCUSD_PERP,bid,62100,625.02
1726792567752,BTCUSD_PERP,bid,62100,564.1
1726792639699,BTCUSD_PERP,bid,62100,552.68
1726792639798,BTCUSD_PERP,bid,62100,614.24
1726792689354,BTCUSD_PERP,bid,62100,491.12
1726792797048,BTCUSD_PERP,bid,62300,491.46
1726792797252,BTCUSD_PERP,bid,62300,614.82
1726792821932,BTCUSD_PERP,bid,62300,553.77
1726792822136,BTCUSD_PERP,bid,62300,492.19
1726792823558,BTCUSD_PERP,bid,62300,493.87
1726792844358,BTCUSD_PERP,bid,62300,492.91
1726792844462,BTCUSD_PERP,bid,62300,554.6
1726793061004,BTCUSD_PERP,bid,62300,554.96
1726793061150,BTCUSD_PERP,bid,62300,616.69
1726793115659,BTCUSD_PERP,bid,62300,555.59
1726793115968,BTCUSD_PERP,bid,62300,492.97
1726793116073,BTCUSD_PERP,bid,62300,554.67
1726793116170,BTCUSD_PERP,bid,62300,616.37
1726793190014,BTCUSD_PERP,bid,62300,554.67
1726793190121,BTCUSD_PERP,bid,62300,492.97
1726793192157,BTCUSD_PERP,bid,62300,493.21
1726793234063,BTCUSD_PERP,bid,62300,494.08
1726793234165,BTCUSD_PERP,bid,62300,678.73
1726793234270,BTCUSD_PERP,bid,62300,740.49
1726793234797,BTCUSD_PERP,bid,62300,801.63
1726793234904,BTCUSD_PERP,bid,62300,862.76
1726793234985,BTCUSD_PERP,bid,62300,924.52
1726793274288,BTCUSD_PERP,bid,62300,739.24
1726793274805,BTCUSD_PERP,bid,62300,615.72
1726793275115,BTCUSD_PERP,bid,62300,553.96
1726793275220,BTCUSD_PERP,bid,62300,492.83
1726793275624,BTCUSD_PERP,bid,62400,507.32
1726793275727,BTCUSD_PERP,bid,62400,630.29
1726793275819,BTCUSD_PERP,bid,62400,692.09
1726793276037,BTCUSD_PERP,bid,62400,876.23
1726793276240,BTCUSD_PERP,bid,62400,938.03
1726793315686,BTCUSD_PERP,bid,62400,629.66
1726793315778,BTCUSD_PERP,bid,62300,985.03
1726793315989,BTCUSD_PERP,bid,62300,1046.79
1726793471994,BTCUSD_PERP,bid,62300,615.42
1726793472093,BTCUSD_PERP,bid,62300,677.15
1726793540918,BTCUSD_PERP,bid,62300,615.42
1726793541226,BTCUSD_PERP,bid,62300,676.81
1726793682320,BTCUSD_PERP,bid,62300,492.34
1726793682421,BTCUSD_PERP,bid,62300,861.7
1726793790165,BTCUSD_PERP,bid,62300,738.87
1726793790265,BTCUSD_PERP,bid,62300,615.11
1726793790362,BTCUSD_PERP,bid,62300,861.28
1726793827042,BTCUSD_PERP,bid,62300,799.58
1726793827145,BTCUSD_PERP,bid,62200,615.44
1726793827242,BTCUSD_PERP,bid,62200,860.86
1726793976612,BTCUSD_PERP,bid,62200,675.43
1726794166042,BTCUSD_PERP,bid,62200,736.46
1726794166245,BTCUSD_PERP,bid,62200,798.05
1726794196228,BTCUSD_PERP,bid,62100,736.1
1726794196428,BTCUSD_PERP,bid,62100,797.66
1726794217176,BTCUSD_PERP,bid,62100,490.3
1726794217276,BTCUSD_PERP,bid,62000,536.76
1726794217276,BTCUSD_PERP,bid,62100,1042.18
1726794217480,BTCUSD_PERP,bid,62100,1103.71
1726794220522,BTCUSD_PERP,bid,62100,1042.28
1726794220630,BTCUSD_PERP,bid,62100,858.95
1726794220844,BTCUSD_PERP,bid,62100,736.52
1726794220929,BTCUSD_PERP,bid,62100,674.99
1726794221151,BTCUSD_PERP,bid,62100,552.56
1726794221250,BTCUSD_PERP,bid,62100,674.54
1726794267759,BTCUSD_PERP,bid,62100,613.08
1726794267959,BTCUSD_PERP,bid,62100,489.96
1726794268566,BTCUSD_PERP,bid,62200,490.88
1726794268670,BTCUSD_PERP,bid,62200,552.47
1726794268872,BTCUSD_PERP,bid,62200,613.44
1726794302638,BTCUSD_PERP,bid,62100,489.24
1726794302737,BTCUSD_PERP,bid,62100,735.48
1726794375360,BTCUSD_PERP,bid,62100,613.28
1726794423058,BTCUSD_PERP,bid,62100,551.75
1726794423263,BTCUSD_PERP,bid,62100,490.55
1726794597935,BTCUSD_PERP,bid,62100,490.35
1726794598038,BTCUSD_PERP,bid,62100,551.88
1726794608129,BTCUSD_PERP,bid,62100,490.11
1726794669915,BTCUSD_PERP,bid,62100,490.88
1726794670014,BTCUSD_PERP,bid,62100,552.41
1726794721655,BTCUSD_PERP,bid,62100,491.17
1726794721772,BTCUSD_PERP,bid,62100,552.74
1726794721875,BTCUSD_PERP,bid,62100,614.31
1726794726295,BTCUSD_PERP,bid,62100,552.74
1726794727415,BTCUSD_PERP,bid,62200,490.99
1726794727513,BTCUSD_PERP,bid,62200,613.48
1726794727617,BTCUSD_PERP,bid,62200,675.09
1726794727717,BTCUSD_PERP,bid,62200,736.7
1726794727820,BTCUSD_PERP,bid,62200,798.31
1726794728125,BTCUSD_PERP,bid,62200,859.29
1726794728227,BTCUSD_PERP,bid,62200,920.9
1726794728427,BTCUSD_PERP,bid,62100,537.39
1726794750666,BTCUSD_PERP,bid,62200,859.29
1726794750868,BTCUSD_PERP,bid,62200,798.31
1726794750970,BTCUSD_PERP,bid,62200,613.58
1726794751073,BTCUSD_PERP,bid,62200,551.97
1726794751176,BTCUSD_PERP,bid,62200,490.99
1726794751376,BTCUSD_PERP,bid,62200,491.78
1726794751476,BTCUSD_PERP,bid,62200,553.42
1726794751580,BTCUSD_PERP,bid,62200,676.07
1726794751684,BTCUSD_PERP,bid,62200,737.71
1726794751884,BTCUSD_PERP,bid,62200,798.72
1726794751987,BTCUSD_PERP,bid,62200,859.73
1726794752294,BTCUSD_PERP,bid,62200,920.74
1726794752397,BTCUSD_PERP,bid,62200,982.38
1726794797337,BTCUSD_PERP,bid,62200,921.37
1726794797443,BTCUSD_PERP,bid,62200,735.54
1726794797544,BTCUSD_PERP,bid,62100,491.29
1726794797544,BTCUSD_PERP,bid,62200,1105.1
1726794829572,BTCUSD_PERP,bid,62200,675.41
1726794848270,BTCUSD_PERP,bid,62100,551.88
1726794848270,BTCUSD_PERP,bid,62100,551.98
1726794854406,BTCUSD_PERP,ask,63300,480.95
1726794941888,BTCUSD_PERP,ask,63400,490.91
1726794958359,BTCUSD_PERP,bid,62200,490.4
1726794958458,BTCUSD_PERP,bid,62200,552.01
1726794958661,BTCUSD_PERP,bid,62200,613.52
1726794958753,BTCUSD_PERP,bid,62200,674.51
1726794958862,BTCUSD_PERP,bid,62200,735.49
1726794959073,BTCUSD_PERP,bid,62200,796.48
1726794959273,BTCUSD_PERP,bid,62200,858.09
1726794959568,BTCUSD_PERP,bid,62200,919.7
1726795062443,BTCUSD_PERP,bid,62200,537.74
1726795062443,BTCUSD_PERP,bid,62200,1166.81
1726795062656,BTCUSD_PERP,bid,62200,599.28
1726795254229,BTCUSD_PERP,bid,62200,920.95
1726795254328,BTCUSD_PERP,bid,62200,491.0
1726795254328,BTCUSD_PERP,bid,62200,552.51
1726795254429,BTCUSD_PERP,bid,62200,613.59
1726795263200,BTCUSD_PERP,bid,62200,491.0
1726795263804,BTCUSD_PERP,bid,62200,551.98
1726795263909,BTCUSD_PERP,bid,62200,490.37
1726795263993,BTCUSD_PERP,bid,62200,491.77
1726795264110,BTCUSD_PERP,bid,62200,553.41
1726795264210,BTCUSD_PERP,bid,62200,798.72
1726795264311,BTCUSD_PERP,bid,62200,859.73
1726795264520,BTCUSD_PERP,bid,62200,921.37
1726795264615,BTCUSD_PERP,bid,62200,538.15
1726795264824,BTCUSD_PERP,bid,62200,982.38
1726795264954,BTCUSD_PERP,bid,62200,1105.03
1726795265054,BTCUSD_PERP,bid,62200,599.27
1726795265138,BTCUSD_PERP,bid,62200,1166.67
1726795382981,BTCUSD_PERP,bid,62200,1044.02
1726795383087,BTCUSD_PERP,bid,62100,537.46
1726795383087,BTCUSD_PERP,bid,62200,797.07
1726795383184,BTCUSD_PERP,bid,62200,1166.1
1726795383287,BTCUSD_PERP,bid,62100,598.97
1726795440059,BTCUSD_PERP,bid,62100,537.42
1726795440160,BTCUSD_PERP,bid,62200,1104.59
1726795440256,BTCUSD_PERP,bid,62100,491.26
1726795440356,BTCUSD_PERP,bid,62200,1042.98
1726795440459,BTCUSD_PERP,bid,62200,860.03
1726795440563,BTCUSD_PERP,bid,62200,737.44
1726795440666,BTCUSD_PERP,bid,62200,735.08
1726795440762,BTCUSD_PERP,bid,62200,1165.51
1726795440868,BTCUSD_PERP,bid,62100,537.14
1726795440965,BTCUSD_PERP,bid,62200,1167.74
1726795501512,BTCUSD_PERP,bid,62100,551.33
1726795501616,BTCUSD_PERP,bid,62100,796.27
1726795550126,BTCUSD_PERP,bid,62100,735.35
1726795550216,BTCUSD_PERP,bid,62100,613.51
1726795550340,BTCUSD_PERP,bid,62100,552.59
1726795550436,BTCUSD_PERP,bid,62100,491.67
1726795550952,BTCUSD_PERP,bid,62200,490.76
1726795551053,BTCUSD_PERP,bid,62200,552.34
1726795551256,BTCUSD_PERP,bid,62200,613.82
1726795551357,BTCUSD_PERP,bid,62200,675.4
1726795551457,BTCUSD_PERP,bid,62200,736.98
1726795551550,BTCUSD_PERP,bid,62200,797.93
1726795551661,BTCUSD_PERP,bid,62200,920.46
1726795551870,BTCUSD_PERP,bid,62100,537.62
1726795552078,BTCUSD_PERP,bid,62200,982.04
1726795552181,BTCUSD_PERP,bid,62200,1043.62
1726795576018,BTCUSD_PERP,bid,62100,491.48
1726795576018,BTCUSD_PERP,bid,62200,736.35
1726795576111,BTCUSD_PERP,bid,62200,613.82
1726795576220,BTCUSD_PERP,bid,62200,491.29
1726795811988,BTCUSD_PERP,bid,62300,553.59
1726795812210,BTCUSD_PERP,bid,62300,615.31
1726795812319,BTCUSD_PERP,bid,62300,677.03
1726795815605,BTCUSD_PERP,bid,62300,691.97
1726795848913,BTCUSD_PERP,bid,62300,568.53
1726795849218,BTCUSD_PERP,bid,62300,507.44
1726795850234,BTCUSD_PERP,bid,62300,492.16
1726795850437,BTCUSD_PERP,bid,62300,615.68
1726795850639,BTCUSD_PERP,bid,62300,677.44
1726795960945,BTCUSD_PERP,bid,62300,615.68
1726795961145,BTCUSD_PERP,bid,62300,553.92
1726795962164,BTCUSD_PERP,bid,62400,492.43
1726795962267,BTCUSD_PERP,bid,62400,554.22
1726795962370,BTCUSD_PERP,bid,62400,616.01
1726795973367,BTCUSD_PERP,bid,62400,491.87
1726795973671,BTCUSD_PERP,bid,62400,553.68
1726796012214,BTCUSD_PERP,bid,62400,554.22
1726796012417,BTCUSD_PERP,bid,62400,492.43
1726796066177,BTCUSD_PERP,bid,62400,492.5
1726796277577,BTCUSD_PERP,bid,62400,492.25
1726796277682,BTCUSD_PERP,bid,62400,554.03
1726796418781,BTCUSD_PERP,bid,62300,492.19
1726796500330,BTCUSD_PERP,bid,62400,492.49
1726796502357,BTCUSD_PERP,bid,62400,507.44
1726796622958,BTCUSD_PERP,bid,62400,492.49
1726797354984,BTCUSD_PERP,bid,62600,494.11
1726797355086,BTCUSD_PERP,bid,62600,555.48
1726797355204,BTCUSD_PERP,bid,62600,617.48
1726797355305,BTCUSD_PERP,bid,62600,679.48
1726797424819,BTCUSD_PERP,bid,62500,493.24
1726797424916,BTCUSD_PERP,bid,62500,555.13
1726797454005,BTCUSD_PERP,bid,62500,493.24
1726797454205,BTCUSD_PERP,bid,62500,554.84
1726797454314,BTCUSD_PERP,bid,62500,616.77
1726797457134,BTCUSD_PERP,bid,62500,631.76
1726797458570,BTCUSD_PERP,bid,62500,633.32
1726797458978,BTCUSD_PERP,bid,62500,635.56
1726797490031,BTCUSD_PERP,bid,62500,573.63
1726797490226,BTCUSD_PERP,bid,62500,512.34
1726797582956,BTCUSD_PERP,bid,62500,493.21
1726797684908,BTCUSD_PERP,bid,62500,492.74
1726797685213,BTCUSD_PERP,bid,62500,616.58
1726797692320,BTCUSD_PERP,bid,62500,618.14
1726797698922,BTCUSD_PERP,bid,62500,633.13
1726797703138,BTCUSD_PERP,bid,62500,635.37
1726797711562,BTCUSD_PERP,bid,62500,492.92
1726797738568,BTCUSD_PERP,bid,62500,574.08
1726797757505,BTCUSD_PERP,bid,62500,512.79
1726797757608,BTCUSD_PERP,bid,62500,493.61
1726797757717,BTCUSD_PERP,bid,62500,555.56
1726797758236,BTCUSD_PERP,bid,62500,616.89
1726797809711,BTCUSD_PERP,bid,62600,493.87
1726797809917,BTCUSD_PERP,bid,62600,555.21
1726797810531,BTCUSD_PERP,bid,62600,617.18
1726797875701,BTCUSD_PERP,bid,62600,493.87
1726797875802,BTCUSD_PERP,bid,62500,493.63
1726797876002,BTCUSD_PERP,bid,62500,555.57
1726797879359,BTCUSD_PERP,bid,62500,616.6
1726797904145,BTCUSD_PERP,bid,62500,555.3
1726797904249,BTCUSD_PERP,bid,62500,617.21
1726797907818,BTCUSD_PERP,bid,62500,623.25
1726797909231,BTCUSD_PERP,bid,62500,569.86
1726797909545,BTCUSD_PERP,bid,62500,631.74
1726797916336,BTCUSD_PERP,bid,62500,561.36
1726797916536,BTCUSD_PERP,bid,62400,615.97
1726797946083,BTCUSD_PERP,bid,62400,554.68
1726797946283,BTCUSD_PERP,bid,62400,616.52
1726797952285,BTCUSD_PERP,bid,62400,555.3
1726797952605,BTCUSD_PERP,bid,62400,493.46
1726797953842,BTCUSD_PERP,bid,62500,493.08
1726797954076,BTCUSD_PERP,bid,62500,554.95
1726797954265,BTCUSD_PERP,bid,62500,616.82
1726798093935,BTCUSD_PERP,bid,62400,554.68
1726798094136,BTCUSD_PERP,bid,62400,616.52
1726798131086,BTCUSD_PERP,bid,62400,554.21
1726798131184,BTCUSD_PERP,bid,62400,492.35
1726798131285,BTCUSD_PERP,bid,62400,492.08
1726798267595,BTCUSD_PERP,bid,62400,492.59
1726798267700,BTCUSD_PERP,bid,62400,554.4
1726798298255,BTCUSD_PERP,bid,62400,493.22
1726798416690,BTCUSD_PERP,bid,62400,505.08
1726798416891,BTCUSD_PERP,bid,62400,566.89
1726798453433,BTCUSD_PERP,bid,62400,554.42
1726798465000,BTCUSD_PERP,ask,63600,480.52
1726798483756,BTCUSD_PERP,ask,63600,490.69
1726798485104,BTCUSD_PERP,ask,63600,500.86
1726798485405,BTCUSD_PERP,ask,63600,511.03
1726798485607,BTCUSD_PERP,ask,63600,521.2
1726798486349,BTCUSD_PERP,ask,63600,531.37
1726798486448,BTCUSD_PERP,ask,63600,541.54
1726798486564,BTCUSD_PERP,ask,63600,551.39
1726798516343,BTCUSD_PERP,ask,63600,545.04
1726798520255,BTCUSD_PERP,ask,63600,482.02
1726798525637,BTCUSD_PERP,ask,63700,474.48
1726798826956,BTCUSD_PERP,ask,63600,473.87
1726798827541,BTCUSD_PERP,ask,63600,484.03
1726798827675,BTCUSD_PERP,ask,63600,490.38
1726798828394,BTCUSD_PERP,ask,63600,496.73
1726798879459,BTCUSD_PERP,ask,63600,490.38
1726798884029,BTCUSD_PERP,ask,63600,480.22
1726798901397,BTCUSD_PERP,bid,62300,491.88
1726798917254,BTCUSD_PERP,bid,62300,503.66
1726798980512,BTCUSD_PERP,bid,62300,491.63
1726799162400,BTCUSD_PERP,ask,63500,473.59
1726799163305,BTCUSD_PERP,ask,63500,479.94
1726799220028,BTCUSD_PERP,ask,63500,473.59
1726799285501,BTCUSD_PERP,bid,62400,492.42
1726799505130,BTCUSD_PERP,bid,62400,493.3
1726799505232,BTCUSD_PERP,bid,62400,554.49
1726799505446,BTCUSD_PERP,bid,62400,616.31
1726799522771,BTCUSD_PERP,bid,62400,554.49
1726799522876,BTCUSD_PERP,bid,62400,492.67
1726799575783,BTCUSD_PERP,ask,63600,478.12
1726799575899,BTCUSD_PERP,ask,63600,488.29
1726799576218,BTCUSD_PERP,ask,63600,498.46
1726799576767,BTCUSD_PERP,ask,63600,508.63
1726799577293,BTCUSD_PERP,ask,63600,518.8
1726799577404,BTCUSD_PERP,ask,63600,528.66
1726799581211,BTCUSD_PERP,ask,63600,549.65
1726799630266,BTCUSD_PERP,ask,63600,539.48
1726799635194,BTCUSD_PERP,ask,63600,529.31
1726799635863,BTCUSD_PERP,ask,63600,519.14
1726799636304,BTCUSD_PERP,ask,63600,508.97
1726799636637,BTCUSD_PERP,ask,63600,498.8
1726799636932,BTCUSD_PERP,ask,63600,488.63
1726799637278,BTCUSD_PERP,ask,63600,478.46
1726799968271,BTCUSD_PERP,bid,62400,493.62
1726799968378,BTCUSD_PERP,bid,62400,554.85
1726800060626,BTCUSD_PERP,ask,63600,478.14
1726800061144,BTCUSD_PERP,ask,63600,488.31
1726800061247,BTCUSD_PERP,ask,63600,498.48
1726800061354,BTCUSD_PERP,ask,63600,508.65
1726800064004,BTCUSD_PERP,ask,63600,518.51
1726800065449,BTCUSD_PERP,ask,63600,528.68
1726800066267,BTCUSD_PERP,ask,63600,538.85
1726800069505,BTCUSD_PERP,ask,63600,559.84
1726800120072,BTCUSD_PERP,ask,63600,549.67
1726800120676,BTCUSD_PERP,ask,63600,539.5
1726800121186,BTCUSD_PERP,ask,63600,529.33
1726800121483,BTCUSD_PERP,ask,63600,519.16
1726800121587,BTCUSD_PERP,ask,63600,508.99
1726800121895,BTCUSD_PERP,ask,63600,498.82
1726800124339,BTCUSD_PERP,ask,63600,488.96
1726800125802,BTCUSD_PERP,ask,63600,478.79
1726800273864,BTCUSD_PERP,bid,62400,492.51
1726800663457,BTCUSD_PERP,bid,62300,554.49
1726800708683,BTCUSD_PERP,bid,62300,799.86
1726800708783,BTCUSD_PERP,bid,62300,861.59
1726800708890,BTCUSD_PERP,bid,62200,538.44
1726800708890,BTCUSD_PERP,bid,62300,923.32
1726800777650,BTCUSD_PERP,bid,62300,861.59
1726800781927,BTCUSD_PERP,bid,62200,492.19
1726800781927,BTCUSD_PERP,bid,62300,738.76
1726800782027,BTCUSD_PERP,bid,62300,677.67
1726800782124,BTCUSD_PERP,bid,62300,615.94
1726800782529,BTCUSD_PERP,bid,62300,554.21
1726800787571,BTCUSD_PERP,bid,62300,554.5
1726800787680,BTCUSD_PERP,bid,62300,616.26
1726800789441,BTCUSD_PERP,bid,62300,616.41
1726800791045,BTCUSD_PERP,bid,62300,616.56
1726800791472,BTCUSD_PERP,bid,62300,554.8
1726800792805,BTCUSD_PERP,bid,62400,492.59
1726800793418,BTCUSD_PERP,bid,62400,554.4
1726800793517,BTCUSD_PERP,bid,62400,616.21
1726800793722,BTCUSD_PERP,bid,62400,678.02
1726800840844,BTCUSD_PERP,bid,62400,616.21
1726800841460,BTCUSD_PERP,bid,62400,555.03
1726800841661,BTCUSD_PERP,bid,62400,493.22
1726801003985,BTCUSD_PERP,bid,62500,494.19
1726801004090,BTCUSD_PERP,bid,62500,556.12
1726801004511,BTCUSD_PERP,bid,62500,556.27
1726801140115,BTCUSD_PERP,bid,62500,556.12
1726801193462,BTCUSD_PERP,bid,62500,494.82
1726801194799,BTCUSD_PERP,bid,62600,557.08
1726801195005,BTCUSD_PERP,bid,62600,681.02
1726801195108,BTCUSD_PERP,bid,62600,742.99
1726801195218,BTCUSD_PERP,bid,62500,494.18
1726801195218,BTCUSD_PERP,bid,62600,804.33
1726801195305,BTCUSD_PERP,bid,62600,865.67
1726801245194,BTCUSD_PERP,bid,62500,741.29
1726801245297,BTCUSD_PERP,bid,62500,493.94
1726801245297,BTCUSD_PERP,bid,62500,865.17
1726801245397,BTCUSD_PERP,bid,62500,555.78
1726801245397,BTCUSD_PERP,bid,62500,927.11
1726801412528,BTCUSD_PERP,bid,62500,494.52
1726801412528,BTCUSD_PERP,bid,62500,803.33
1726801412728,BTCUSD_PERP,bid,62500,679.45
1726801413137,BTCUSD_PERP,bid,62500,493.63
1726801414559,BTCUSD_PERP,bid,62600,493.38
1726801422613,BTCUSD_PERP,ask,63800,469.78
1726801423858,BTCUSD_PERP,bid,62600,494.27
1726801423955,BTCUSD_PERP,bid,62600,617.68
1726801424060,BTCUSD_PERP,bid,62600,679.7
1726801424267,BTCUSD_PERP,bid,62600,741.72
1726801424469,BTCUSD_PERP,bid,62600,803.11
1726801424572,BTCUSD_PERP,bid,62600,865.13
1726801424675,BTCUSD_PERP,bid,62600,987.91
1726801424779,BTCUSD_PERP,bid,62600,1049.93
1726801424877,BTCUSD_PERP,bid,62600,1173.34
1726801427221,BTCUSD_PERP,bid,62600,1174.9
1726801433581,BTCUSD_PERP,bid,62600,1112.88
1726801433887,BTCUSD_PERP,bid,62600,989.47
1726801434095,BTCUSD_PERP,bid,62600,866.06
1726801434193,BTCUSD_PERP,bid,62600,804.67
1726801434496,BTCUSD_PERP,bid,62600,680.63
1726801434602,BTCUSD_PERP,bid,62600,557.22
1726801434602,BTCUSD_PERP,bid,62600,556.0
1726801434696,BTCUSD_PERP,bid,62600,495.2
1726801434696,BTCUSD_PERP,bid,62600,618.06
1726801435003,BTCUSD_PERP,bid,62600,742.18
1726801435212,BTCUSD_PERP,bid,62600,865.02
1726801435314,BTCUSD_PERP,bid,62600,926.44
1726801435419,BTCUSD_PERP,bid,62600,988.5
1726801435624,BTCUSD_PERP,bid,62600,1111.98
1726801495407,BTCUSD_PERP,bid,62600,1049.92
1726801495512,BTCUSD_PERP,bid,62600,988.5
1726801495612,BTCUSD_PERP,bid,62600,926.44
1726801495712,BTCUSD_PERP,bid,62600,864.38
1726801496023,BTCUSD_PERP,bid,62600,802.32
1726801496124,BTCUSD_PERP,bid,62600,740.9
1726801496427,BTCUSD_PERP,bid,62600,678.84
1726801496525,BTCUSD_PERP,bid,62600,555.36
1726801496525,BTCUSD_PERP,bid,62700,495.44
1726801496627,BTCUSD_PERP,bid,62600,493.93
1726801496627,BTCUSD_PERP,bid,62700,556.9
1726801496727,BTCUSD_PERP,bid,62700,618.99
1726801496824,BTCUSD_PERP,bid,62700,742.54
1726801496931,BTCUSD_PERP,bid,62700,803.99
1726801497034,BTCUSD_PERP,bid,62700,927.53
1726801497254,BTCUSD_PERP,bid,62700,989.62
1726801515925,BTCUSD_PERP,bid,62700,865.44
1726801516027,BTCUSD_PERP,bid,62700,803.35
1726801516129,BTCUSD_PERP,bid,62700,680.44
1726801516229,BTCUSD_PERP,bid,62700,618.98
1726801516332,BTCUSD_PERP,bid,62700,557.53
1726801516529,BTCUSD_PERP,bid,62700,495.44
1726801518059,BTCUSD_PERP,bid,62700,574.53
1726801548552,BTCUSD_PERP,bid,62700,557.79
1726801629720,BTCUSD_PERP,bid,62700,494.33
1726801682428,BTCUSD_PERP,bid,62700,556.17
1726801707151,BTCUSD_PERP,bid,62700,494.09
1726801708369,BTCUSD_PERP,bid,62700,495.52
1726801708468,BTCUSD_PERP,bid,62700,619.11
1726801708571,BTCUSD_PERP,bid,62700,742.7
1726801708793,BTCUSD_PERP,bid,62700,804.81
1726801708897,BTCUSD_PERP,bid,62700,866.29
1726801709105,BTCUSD_PERP,bid,62700,928.4
1726801709208,BTCUSD_PERP,bid,62700,989.88
1726801709405,BTCUSD_PERP,bid,62700,1051.99
1726801732619,BTCUSD_PERP,bid,62700,990.51
1726801732721,BTCUSD_PERP,bid,62700,929.03
1726801732818,BTCUSD_PERP,bid,62700,804.81
1726801732922,BTCUSD_PERP,bid,62700,681.22
1726801733237,BTCUSD_PERP,bid,62700,619.11
1726801733340,BTCUSD_PERP,bid,62700,618.28
1726801733455,BTCUSD_PERP,bid,62700,989.4
1726801733543,BTCUSD_PERP,bid,62700,1051.48
1726801734405,BTCUSD_PERP,bid,62700,1112.93
1726801807379,BTCUSD_PERP,bid,62700,1050.85
1726801807483,BTCUSD_PERP,bid,62700,927.32
1726801807586,BTCUSD_PERP,bid,62700,803.26
1726801807684,BTCUSD_PERP,bid,62700,741.81
1726801807789,BTCUSD_PERP,bid,62600,803.4
1726801807886,BTCUSD_PERP,bid,62600,988.91
1726801807991,BTCUSD_PERP,bid,62600,1050.96
1726801877724,BTCUSD_PERP,bid,62700,1112.41
1726801877838,BTCUSD_PERP,bid,62700,1174.5
1726801877942,BTCUSD_PERP,bid,62600,479.98
1726801888410,BTCUSD_PERP,bid,62700,1112.41
1726801888510,BTCUSD_PERP,bid,62700,1050.95
1726801888613,BTCUSD_PERP,bid,62700,927.52
1726801888714,BTCUSD_PERP,bid,62700,618.99
1726801888810,BTCUSD_PERP,bid,62600,618.61
1726801888916,BTCUSD_PERP,bid,62600,742.71
1726801907323,BTCUSD_PERP,bid,62600,618.61
1726801907520,BTCUSD_PERP,bid,62600,557.19
1726801907720,BTCUSD_PERP,bid,62600,495.14
1726801908027,BTCUSD_PERP,bid,62700,555.65
1726801926608,BTCUSD_PERP,bid,62700,494.18
1726802124068,BTCUSD_PERP,bid,62600,740.75
1726802124273,BTCUSD_PERP,bid,62600,802.75
1726802143980,BTCUSD_PERP,bid,62600,740.85
1726802144182,BTCUSD_PERP,bid,62600,678.85
1726802144286,BTCUSD_PERP,bid,62600,555.48
1726802144382,BTCUSD_PERP,bid,62600,493.48
1726802187532,BTCUSD_PERP,bid,62700,493.94
1726802187636,BTCUSD_PERP,bid,62700,556.01
1726802187738,BTCUSD_PERP,bid,62700,618.08
1726802235314,BTCUSD_PERP,ask,63900,474.44
1726802236027,BTCUSD_PERP,bid,62700,556.01
1726802236129,BTCUSD_PERP,bid,62700,494.04
1726802237037,BTCUSD_PERP,bid,62700,494.86
1726802249083,BTCUSD_PERP,bid,62700,556.69
1726802249485,BTCUSD_PERP,bid,62700,741.87
1726802249996,BTCUSD_PERP,bid,62700,804.02
1726802250095,BTCUSD_PERP,bid,62700,927.68
1726802250197,BTCUSD_PERP,bid,62700,1051.34
1726802250299,BTCUSD_PERP,bid,62700,480.44
1726802250299,BTCUSD_PERP,bid,62700,1113.49
1726802250399,BTCUSD_PERP,bid,62700,542.52
1726802250399,BTCUSD_PERP,bid,62700,1175.64
1726802250506,BTCUSD_PERP,bid,62700,604.14
1726802382597,BTCUSD_PERP,bid,62700,480.0
1726802382699,BTCUSD_PERP,bid,62700,1114.12
1726802382793,BTCUSD_PERP,bid,62700,990.46
1726802383000,BTCUSD_PERP,bid,62700,866.16
1726802383105,BTCUSD_PERP,bid,62700,742.5
1726802383211,BTCUSD_PERP,bid,62700,680.99
1726802383629,BTCUSD_PERP,bid,62700,557.33
1726802383629,BTCUSD_PERP,bid,62800,495.52
1726802383722,BTCUSD_PERP,bid,62700,495.18
1726802383722,BTCUSD_PERP,bid,62800,619.25
1726802383837,BTCUSD_PERP,bid,62800,680.8
1726802384040,BTCUSD_PERP,bid,62800,742.98
1726802384235,BTCUSD_PERP,bid,62800,805.16
1726802384352,BTCUSD_PERP,bid,62800,1052.62
1726802384452,BTCUSD_PERP,bid,62800,1114.7
1726802384554,BTCUSD_PERP,bid,62700,482.16
1726802424765,BTCUSD_PERP,bid,62800,1053.15
1726802424870,BTCUSD_PERP,bid,62800,804.53
1726802424975,BTCUSD_PERP,bid,62800,742.98
1726802425481,BTCUSD_PERP,bid,62800,680.8
1726802425893,BTCUSD_PERP,bid,62800,556.44
1726802426004,BTCUSD_PERP,bid,62800,494.9
1726802426199,BTCUSD_PERP,bid,62700,496.14
1726802426404,BTCUSD_PERP,bid,62800,559.07
1726802426505,BTCUSD_PERP,bid,62800,745.12
1726802426713,BTCUSD_PERP,bid,62800,806.71
1726802447371,BTCUSD_PERP,bid,62800,682.89
1726802447478,BTCUSD_PERP,bid,62800,621.3
1726802447584,BTCUSD_PERP,bid,62800,559.07
1726802447785,BTCUSD_PERP,bid,62800,496.84
1726802448191,BTCUSD_PERP,bid,62800,556.53
1726802448591,BTCUSD_PERP,bid,62800,557.81
1726802511770,BTCUSD_PERP,bid,62700,494.72
1726802511972,BTCUSD_PERP,bid,62800,495.62
1726802530767,BTCUSD_PERP,bid,62700,494.48
1726802535329,BTCUSD_PERP,bid,62700,557.71
1726802538961,BTCUSD_PERP,ask,64100,491.88
1726802749316,BTCUSD_PERP,bid,62700,496.23
1726802749726,BTCUSD_PERP,bid,62700,557.36
1726802801306,BTCUSD_PERP,bid,62700,495.28
1726802802394,BTCUSD_PERP,bid,62700,557.7
1726802802915,BTCUSD_PERP,bid,62700,619.19
1726802803458,BTCUSD_PERP,bid,62700,680.68
1726802818605,BTCUSD_PERP,bid,62700,742.17
1726802831503,BTCUSD_PERP,bid,62700,754.39
1726802951762,BTCUSD_PERP,bid,62700,742.17
1726803039583,BTCUSD_PERP,bid,62700,680.05
1726803039792,BTCUSD_PERP,bid,62700,618.56
1726803040091,BTCUSD_PERP,bid,62700,557.08
1726803040400,BTCUSD_PERP,bid,62700,495.59
1726803041115,BTCUSD_PERP,bid,62700,556.73
1726803041329,BTCUSD_PERP,bid,62700,618.25
1726803041435,BTCUSD_PERP,bid,62700,680.4
1726803125075,BTCUSD_PERP,bid,62700,556.73
1726803125176,BTCUSD_PERP,bid,62700,494.58
1726803125379,BTCUSD_PERP,bid,62700,742.17
1726803170681,BTCUSD_PERP,bid,62700,556.45
1726803170775,BTCUSD_PERP,bid,62700,494.96
1726803172217,BTCUSD_PERP,bid,62700,495.29
1726803347502,BTCUSD_PERP,bid,62700,495.05
1726803674428,BTCUSD_PERP,bid,62700,494.64
1726803687472,BTCUSD_PERP,bid,62700,506.86
1726803694853,BTCUSD_PERP,bid,62700,521.9
1726803762545,BTCUSD_PERP,bid,62800,496.17
1726803762750,BTCUSD_PERP,bid,62800,557.72
1726803763054,BTCUSD_PERP,bid,62800,619.9
1726803763866,BTCUSD_PERP,bid,62800,620.05
1726803841846,BTCUSD_PERP,bid,62800,681.86
1726803842581,BTCUSD_PERP,bid,62800,683.42
1726803964260,BTCUSD_PERP,bid,62800,681.86
1726803993378,BTCUSD_PERP,bid,62800,620.28
1726803993477,BTCUSD_PERP,bid,62800,558.06
1726803993880,BTCUSD_PERP,bid,62800,495.84
1726804174063,BTCUSD_PERP,bid,63000,571.49
1726804174165,BTCUSD_PERP,bid,63000,757.96
1726804175180,BTCUSD_PERP,bid,63000,511.47
1726804185523,BTCUSD_PERP,bid,62900,683.09
1726804185724,BTCUSD_PERP,bid,62900,745.43
1726804186148,BTCUSD_PERP,bid,62900,807.13
1726804194815,BTCUSD_PERP,bid,62900,683.19
1726804194919,BTCUSD_PERP,bid,62900,559.78
1726804195744,BTCUSD_PERP,bid,63000,497.06
1726804195843,BTCUSD_PERP,bid,63000,621.8
1726804266194,BTCUSD_PERP,bid,62900,496.89
1726804266298,BTCUSD_PERP,bid,62900,558.61
1726804274154,BTCUSD_PERP,bid,63000,497.17
1726804274268,BTCUSD_PERP,bid,63000,558.93
1726804274476,BTCUSD_PERP,bid,63000,683.73
1726804364404,BTCUSD_PERP,bid,63000,497.81
1726804364814,BTCUSD_PERP,bid,63000,496.98
1726804365121,BTCUSD_PERP,bid,63000,621.86
1726804365226,BTCUSD_PERP,bid,63000,684.3
1726804365327,BTCUSD_PERP,bid,63000,746.11
1726804365425,BTCUSD_PERP,bid,63000,808.55
1726804365526,BTCUSD_PERP,bid,63000,870.89
1726804365628,BTCUSD_PERP,bid,63000,933.33
1726804365729,BTCUSD_PERP,bid,63000,995.13
1726804365835,BTCUSD_PERP,bid,63000,1056.93
1726804365934,BTCUSD_PERP,bid,63000,1119.37
1726804366037,BTCUSD_PERP,bid,63000,544.64
1726804366139,BTCUSD_PERP,bid,63000,1181.81
1726804366234,BTCUSD_PERP,bid,63000,1244.25
1726804366332,BTCUSD_PERP,bid,63000,607.02
1726804381385,BTCUSD_PERP,bid,63000,497.86
1726804381385,BTCUSD_PERP,bid,63000,1181.81
1726804381588,BTCUSD_PERP,bid,63000,995.76
1726804381691,BTCUSD_PERP,bid,63000,871.51
1726804381895,BTCUSD_PERP,bid,63000,747.27
1726804381992,BTCUSD_PERP,bid,63000,684.83
1726804382097,BTCUSD_PERP,bid,63000,622.39
1726804382300,BTCUSD_PERP,bid,63000,559.95
1726804382405,BTCUSD_PERP,bid,63000,497.51
1726804502942,BTCUSD_PERP,bid,63000,497.6
1726804503144,BTCUSD_PERP,bid,63000,497.68
1726804503966,BTCUSD_PERP,bid,63000,574.59
1726804505688,BTCUSD_PERP,bid,63000,622.17
1726804507211,BTCUSD_PERP,bid,63000,512.14
1726804508248,BTCUSD_PERP,bid,63000,509.38
1726804508343,BTCUSD_PERP,bid,63000,571.79
1726804527800,BTCUSD_PERP,bid,63000,496.44
1726804528105,BTCUSD_PERP,bid,63000,558.89
1726804528204,BTCUSD_PERP,bid,63000,621.34
1726804528308,BTCUSD_PERP,bid,63000,807.96
1726804528406,BTCUSD_PERP,bid,63000,870.41
1726804528509,BTCUSD_PERP,bid,63000,932.86
1726804528615,BTCUSD_PERP,bid,63000,995.31
1726804741595,BTCUSD_PERP,bid,63000,933.49
1726804741697,BTCUSD_PERP,bid,63000,871.04
1726804741798,BTCUSD_PERP,bid,63000,808.59
1726804742001,BTCUSD_PERP,bid,63000,746.14
1726804742098,BTCUSD_PERP,bid,63000,621.98
1726804742201,BTCUSD_PERP,bid,63000,559.53
1726804742913,BTCUSD_PERP,bid,63100,560.52
1726804743015,BTCUSD_PERP,bid,63100,622.38
1726804743321,BTCUSD_PERP,bid,63100,684.87
1726804743422,BTCUSD_PERP,bid,63100,746.72
1726804743524,BTCUSD_PERP,bid,63100,809.21
1726804745454,BTCUSD_PERP,bid,63100,684.87
1726804745767,BTCUSD_PERP,bid,63100,622.38
1726804746372,BTCUSD_PERP,bid,63100,510.51
1726804746674,BTCUSD_PERP,bid,63100,559.89
1726804746674,BTCUSD_PERP,bid,63100,573.04
1726804746775,BTCUSD_PERP,bid,63100,497.4
1726804747283,BTCUSD_PERP,bid,63100,498.98
1726804747380,BTCUSD_PERP,bid,63100,560.88
1726804747579,BTCUSD_PERP,bid,63100,563.15
1726804788372,BTCUSD_PERP,bid,63100,501.25
1726804788580,BTCUSD_PERP,bid,63100,511.15
1726804789299,BTCUSD_PERP,bid,63200,560.58
1726804814937,BTCUSD_PERP,bid,63100,497.77
1726804815040,BTCUSD_PERP,bid,63100,560.31
1726804815142,BTCUSD_PERP,bid,63100,623.94
1726804833493,BTCUSD_PERP,bid,63100,497.77
1726804833794,BTCUSD_PERP,bid,63100,498.16
1726804854948,BTCUSD_PERP,bid,63100,497.17
1726804855256,BTCUSD_PERP,bid,63100,559.71
1726804855359,BTCUSD_PERP,bid,63100,622.25
1726804863056,BTCUSD_PERP,bid,63100,561.41
1726804863161,BTCUSD_PERP,bid,63100,498.88
1726804864784,BTCUSD_PERP,bid,63200,499.18
1726804865093,BTCUSD_PERP,bid,63200,561.11
1726804865192,BTCUSD_PERP,bid,63200,623.68
1726804866414,BTCUSD_PERP,bid,63100,560.34
1726804868272,BTCUSD_PERP,bid,63200,561.75
1726804868569,BTCUSD_PERP,bid,63200,499.82
1726804895608,BTCUSD_PERP,bid,63300,500.0
1726804905453,BTCUSD_PERP,bid,63300,562.65
1726804905550,BTCUSD_PERP,bid,63300,625.32
1726804909141,BTCUSD_PERP,bid,63200,500.4
1726804915865,BTCUSD_PERP,bid,63300,500.05
1726804915975,BTCUSD_PERP,bid,63300,562.09
1726804916593,BTCUSD_PERP,bid,63300,750.13
1726804927345,BTCUSD_PERP,bid,63200,500.45
1726804940153,BTCUSD_PERP,bid,63200,483.82
1726804940153,BTCUSD_PERP,bid,63200,936.92
1726804940251,BTCUSD_PERP,bid,63200,546.35
1726804952004,BTCUSD_PERP,bid,54200,2667.77
1726804986750,BTCUSD_PERP,bid,63200,874.92
1726804986851,BTCUSD_PERP,bid,63200,483.78
1726804986851,BTCUSD_PERP,bid,63200,750.28
1726804986952,BTCUSD_PERP,bid,63200,688.28
1726804987053,BTCUSD_PERP,bid,63200,625.64
1726805002437,BTCUSD_PERP,bid,63200,563.0
1726805002537,BTCUSD_PERP,bid,63200,500.36
1726805003263,BTCUSD_PERP,bid,63300,501.36
1726805003366,BTCUSD_PERP,bid,63300,688.63
1726805014316,BTCUSD_PERP,bid,63300,751.3
1726805024805,BTCUSD_PERP,bid,63300,500.72
1726805024907,BTCUSD_PERP,bid,63300,813.18
1726805025025,BTCUSD_PERP,bid,63300,875.89
1726805045082,BTCUSD_PERP,bid,63300,813.18
1726805045185,BTCUSD_PERP,bid,63300,750.47
1726805045384,BTCUSD_PERP,bid,63300,688.4
1726805045582,BTCUSD_PERP,bid,63200,546.65
1726805045582,BTCUSD_PERP,bid,63300,1060.79
1726805045787,BTCUSD_PERP,bid,63200,609.21
1726805045787,BTCUSD_PERP,bid,63300,1123.46
1726805045888,BTCUSD_PERP,bid,63300,1185.49
1726805050369,BTCUSD_PERP,bid,63300,1060.15
1726805050472,BTCUSD_PERP,bid,63200,484.03
1726805050472,BTCUSD_PERP,bid,63300,935.45
1726805050574,BTCUSD_PERP,bid,63300,872.89
1726805050676,BTCUSD_PERP,bid,63300,810.22
1726805050779,BTCUSD_PERP,bid,63300,747.55
1726805050876,BTCUSD_PERP,bid,63300,622.21
1726805051077,BTCUSD_PERP,bid,63300,560.18
1726805051380,BTCUSD_PERP,bid,63300,498.15
1726805052390,BTCUSD_PERP,bid,63300,499.15
1726805052504,BTCUSD_PERP,bid,63300,561.22
1726805052603,BTCUSD_PERP,bid,63300,623.93
1726805093243,BTCUSD_PERP,bid,63300,499.15
1726805095181,BTCUSD_PERP,bid,63300,561.58
1726805102814,BTCUSD_PERP,bid,63300,499.2
1726805132852,BTCUSD_PERP,bid,54200,2666.42
1726805177905,BTCUSD_PERP,bid,63300,499.19
1726805178016,BTCUSD_PERP,bid,63300,561.91
1726805178327,BTCUSD_PERP,bid,63300,686.07
1726805178424,BTCUSD_PERP,bid,63300,748.79
1726805178638,BTCUSD_PERP,bid,63300,811.51
1726805205536,BTCUSD_PERP,bid,63300,624.63
1726805205835,BTCUSD_PERP,bid,63300,499.83
1726805206966,BTCUSD_PERP,bid,63400,500.24
1726805341106,BTCUSD_PERP,bid,63500,502.32
1726805341410,BTCUSD_PERP,bid,63500,565.19
1726805368270,BTCUSD_PERP,bid,63500,502.39
1726805387834,BTCUSD_PERP,bid,63500,501.85
1726805410715,BTCUSD_PERP,bid,63400,563.62
1726805410817,BTCUSD_PERP,bid,63400,626.47
1726805410920,BTCUSD_PERP,bid,63400,689.32
1726805414883,BTCUSD_PERP,bid,63400,626.47
1726805415269,BTCUSD_PERP,bid,63400,563.62
1726805415396,BTCUSD_PERP,bid,63400,500.77
1726805416118,BTCUSD_PERP,bid,63500,501.18
1726805421561,BTCUSD_PERP,bid,63400,500.89
1726805421960,BTCUSD_PERP,bid,63400,563.74
1726805425049,BTCUSD_PERP,bid,63400,566.02
1726805468308,BTCUSD_PERP,bid,63400,503.17
1726805507551,BTCUSD_PERP,bid,63500,500.8
1726805545832,BTCUSD_PERP,bid,63500,564.0
1726805545930,BTCUSD_PERP,bid,63500,626.88
1726805579238,BTCUSD_PERP,bid,63400,626.58
1726805579443,BTCUSD_PERP,bid,63400,689.43
1726805664344,BTCUSD_PERP,bid,63400,563.37
1726805664541,BTCUSD_PERP,bid,63400,626.18
1726805700348,BTCUSD_PERP,bid,63400,563.37
1726805700448,BTCUSD_PERP,bid,63400,563.74
1726805700550,BTCUSD_PERP,bid,63400,688.66
1726805703391,BTCUSD_PERP,bid,63400,626.52
1726805703591,BTCUSD_PERP,bid,63400,563.74
1726805707218,BTCUSD_PERP,bid,63400,501.6
1726805712015,BTCUSD_PERP,bid,63400,563.74
1726805731251,BTCUSD_PERP,bid,63300,563.39
1726805782433,BTCUSD_PERP,bid,63400,688.77
1726805799083,BTCUSD_PERP,bid,63400,626.56
1726805799190,BTCUSD_PERP,bid,63400,563.71
1726805799494,BTCUSD_PERP,bid,63500,512.82
1726805799600,BTCUSD_PERP,bid,63500,637.96
1726805799702,BTCUSD_PERP,bid,63500,700.85
1726805799906,BTCUSD_PERP,bid,63500,763.63
1726805800005,BTCUSD_PERP,bid,63500,826.52
1726805800415,BTCUSD_PERP,bid,63400,486.33
1726805800415,BTCUSD_PERP,bid,63500,951.66
1726805807723,BTCUSD_PERP,bid,63500,889.41
1726805807828,BTCUSD_PERP,bid,63500,827.17
1726805807927,BTCUSD_PERP,bid,63400,563.01
1726805808035,BTCUSD_PERP,bid,63400,688.71
1726805840100,BTCUSD_PERP,bid,63400,563.64
1726805840200,BTCUSD_PERP,bid,63400,500.79
1726805845511,BTCUSD_PERP,bid,63500,501.43
1726805880372,BTCUSD_PERP,bid,63500,501.13
1726805880574,BTCUSD_PERP,bid,63500,564.01
1726805994616,BTCUSD_PERP,bid,63500,563.1
1726805994934,BTCUSD_PERP,bid,63500,625.96
1726805995008,BTCUSD_PERP,bid,63500,688.82
1726806042391,BTCUSD_PERP,bid,63500,626.6
1726806042571,BTCUSD_PERP,bid,63400,626.27
1726806053929,BTCUSD_PERP,bid,63400,564.08
1726806057740,BTCUSD_PERP,ask,64600,492.6
1726806098798,BTCUSD_PERP,bid,63200,484.2
1726806098798,BTCUSD_PERP,bid,63300,748.96
1726806099003,BTCUSD_PERP,bid,63300,811.65
1726806106302,BTCUSD_PERP,bid,63300,624.86
1726806106402,BTCUSD_PERP,bid,63200,623.87
1726806106501,BTCUSD_PERP,bid,63200,483.95
1726806106501,BTCUSD_PERP,bid,63200,811.19
1726806106705,BTCUSD_PERP,bid,63200,873.84
1726806107527,BTCUSD_PERP,bid,63200,873.99
1726806140217,BTCUSD_PERP,bid,63200,561.75
1726806140411,BTCUSD_PERP,bid,63200,686.4
1726806140518,BTCUSD_PERP,bid,63200,749.04
1726806140732,BTCUSD_PERP,bid,63200,873.04
1726806144561,BTCUSD_PERP,bid,63200,811.04
1726806144706,BTCUSD_PERP,bid,63200,686.39
1726806144807,BTCUSD_PERP,bid,63200,623.75
1726806144904,BTCUSD_PERP,bid,63200,561.75
1726806145005,BTCUSD_PERP,bid,63200,499.75
1726806146212,BTCUSD_PERP,bid,63300,511.88
1726806146417,BTCUSD_PERP,bid,63300,573.95
1726806146518,BTCUSD_PERP,bid,63300,762.08
1726806146618,BTCUSD_PERP,bid,63300,824.79
1726806171300,BTCUSD_PERP,bid,63300,762.08
1726806171529,BTCUSD_PERP,bid,63300,699.37
1726806171632,BTCUSD_PERP,bid,63300,637.3
1726806171839,BTCUSD_PERP,bid,63300,512.52
1726806172346,BTCUSD_PERP,bid,63400,562.27
1726806172445,BTCUSD_PERP,bid,63400,687.17
1726806172547,BTCUSD_PERP,bid,63400,749.94
1726806172645,BTCUSD_PERP,bid,63400,874.84
1726806172956,BTCUSD_PERP,bid,63400,937.61
1726806173159,BTCUSD_PERP,bid,63400,954.91
1726806173260,BTCUSD_PERP,bid,63400,1079.81
1726806178086,BTCUSD_PERP,bid,63400,1017.14
1726806178402,BTCUSD_PERP,bid,63400,892.24
1726806178501,BTCUSD_PERP,bid,63400,705.21
1726806178603,BTCUSD_PERP,bid,63400,642.44
1726806178704,BTCUSD_PERP,bid,63400,580.31
1726806179019,BTCUSD_PERP,bid,63400,562.72
1726806179116,BTCUSD_PERP,bid,63400,624.89
1726806179538,BTCUSD_PERP,bid,63400,699.94
1726806179634,BTCUSD_PERP,bid,63400,762.11
1726806179733,BTCUSD_PERP,bid,63400,824.92
1726806192709,BTCUSD_PERP,bid,63300,484.83
1726806192709,BTCUSD_PERP,bid,63400,938.23
1726806192909,BTCUSD_PERP,bid,63300,547.49
1726806192909,BTCUSD_PERP,bid,63400,1001.0
1726806201152,BTCUSD_PERP,bid,63300,750.22
1726806201247,BTCUSD_PERP,bid,63300,484.57
1726806201247,BTCUSD_PERP,bid,63300,1061.87
1726806201353,BTCUSD_PERP,bid,63300,1124.6
1726806201454,BTCUSD_PERP,bid,63300,547.2
1726806208046,BTCUSD_PERP,bid,63300,1061.87
1726806208342,BTCUSD_PERP,bid,63300,999.78
1726806208446,BTCUSD_PERP,bid,63300,937.05
1726806208652,BTCUSD_PERP,bid,63300,749.6
1726806208751,BTCUSD_PERP,bid,63300,687.5
1726806208853,BTCUSD_PERP,bid,63300,624.77
1726806209057,BTCUSD_PERP,bid,63300,565.75
1726806209057,BTCUSD_PERP,bid,63300,499.95
1726806209156,BTCUSD_PERP,bid,63300,628.45
1726806209362,BTCUSD_PERP,bid,63300,753.22
1726806209562,BTCUSD_PERP,bid,63300,877.99
1726806209665,BTCUSD_PERP,bid,63300,940.69
1726806209765,BTCUSD_PERP,bid,63200,484.29
1726806209970,BTCUSD_PERP,bid,63200,546.93
1726806212414,BTCUSD_PERP,bid,63300,628.56
1726806212515,BTCUSD_PERP,bid,63300,812.15
1726806212818,BTCUSD_PERP,bid,63300,874.82
1726806216889,BTCUSD_PERP,bid,63300,688.09
1726806216992,BTCUSD_PERP,bid,63300,500.72
1726806222745,BTCUSD_PERP,ask,64500,468.48
1726806228313,BTCUSD_PERP,bid,63200,563.04
1726806228411,BTCUSD_PERP,bid,63200,687.63
1726806228512,BTCUSD_PERP,bid,63100,499.23
1726806230259,BTCUSD_PERP,bid,63200,625.02
1726806230566,BTCUSD_PERP,bid,63200,562.41
1726806230778,BTCUSD_PERP,bid,63200,499.8
1726806283715,BTCUSD_PERP,bid,63200,499.31
1726806316698,BTCUSD_PERP,bid,63200,685.61
1726806316903,BTCUSD_PERP,bid,63200,748.24
1726806327718,BTCUSD_PERP,bid,63200,685.61
1726806327923,BTCUSD_PERP,bid,63200,623.62
1726806328033,BTCUSD_PERP,bid,63200,560.99
1726806328144,BTCUSD_PERP,bid,63200,499.0
1726806390105,BTCUSD_PERP,bid,63200,809.85
1726806390205,BTCUSD_PERP,bid,63200,934.39
1726806390302,BTCUSD_PERP,bid,63100,484.09
1726806435831,BTCUSD_PERP,bid,63200,810.48
1726806435932,BTCUSD_PERP,bid,63200,685.3
1726806436136,BTCUSD_PERP,bid,63200,622.71
1726806436236,BTCUSD_PERP,bid,63200,560.12
1726806437718,BTCUSD_PERP,bid,63200,560.5
1726806437825,BTCUSD_PERP,bid,63200,623.13
1726806437927,BTCUSD_PERP,bid,63200,685.66
1726806458106,BTCUSD_PERP,bid,63200,499.98
1726806458205,BTCUSD_PERP,bid,63200,747.82
1726806458313,BTCUSD_PERP,bid,63200,810.41
1726806482638,BTCUSD_PERP,bid,63200,685.86
1726806482741,BTCUSD_PERP,bid,63200,623.9
1726806482943,BTCUSD_PERP,bid,63200,561.31
1726806483147,BTCUSD_PERP,bid,63200,498.72
1726806484789,BTCUSD_PERP,bid,63200,498.5
1726806741472,BTCUSD_PERP,bid,63200,873.59
1726806791867,BTCUSD_PERP,bid,63200,685.82
1726806791971,BTCUSD_PERP,bid,63200,623.23
1726806792174,BTCUSD_PERP,bid,63200,561.28
1726806792382,BTCUSD_PERP,bid,63200,499.33
1726806793202,BTCUSD_PERP,bid,63200,560.4
1726806793511,BTCUSD_PERP,bid,63200,685.54
1726806880730,BTCUSD_PERP,bid,63200,872.95
1726806956103,BTCUSD_PERP,bid,63200,810.36
1726806956205,BTCUSD_PERP,bid,63200,747.77
1726806956305,BTCUSD_PERP,bid,63200,685.18
1726806956408,BTCUSD_PERP,bid,63200,622.59
1726806956506,BTCUSD_PERP,bid,63200,560.64
1726806956608,BTCUSD_PERP,bid,63200,498.16
1726806956709,BTCUSD_PERP,bid,63200,500.23
1726806956809,BTCUSD_PERP,bid,63200,562.85
1726806956917,BTCUSD_PERP,bid,63200,624.84
1726806957011,BTCUSD_PERP,bid,63200,686.82
1726806957119,BTCUSD_PERP,bid,63200,749.44
1726806957223,BTCUSD_PERP,bid,63200,812.06
1726806957630,BTCUSD_PERP,bid,63200,874.04
1726806957728,BTCUSD_PERP,bid,63200,936.03
1726806957827,BTCUSD_PERP,bid,63200,998.01
1726807009901,BTCUSD_PERP,bid,63200,811.42
1726807084850,BTCUSD_PERP,bid,63200,498.35
1726807084955,BTCUSD_PERP,bid,63200,560.96
1726807124305,BTCUSD_PERP,bid,63200,498.35
1726807188919,BTCUSD_PERP,bid,63300,499.84
1726807227855,BTCUSD_PERP,bid,63300,562.72
1726807247820,BTCUSD_PERP,bid,63300,499.97
1726807247924,BTCUSD_PERP,bid,63300,562.72
1726807317641,BTCUSD_PERP,bid,63300,499.97
1726807318858,BTCUSD_PERP,bid,63400,500.3
1726807318965,BTCUSD_PERP,bid,63400,563.09
1726807319404,BTCUSD_PERP,bid,63400,625.88
1726807319509,BTCUSD_PERP,bid,63400,688.03
1726807326940,BTCUSD_PERP,bid,63400,625.24
1726807327048,BTCUSD_PERP,bid,63400,562.45
1726807480802,BTCUSD_PERP,bid,63300,498.82
1726807481007,BTCUSD_PERP,bid,63300,687.07
1726807623537,BTCUSD_PERP,bid,63300,874.77
1726807689244,BTCUSD_PERP,bid,63300,812.05
1726807689342,BTCUSD_PERP,bid,63300,749.97
1726807689442,BTCUSD_PERP,bid,63300,625.17
1726807689648,BTCUSD_PERP,bid,63300,562.45
1726807690356,BTCUSD_PERP,bid,63300,499.73
1726807836497,BTCUSD_PERP,bid,63400,500.19
1726807836704,BTCUSD_PERP,bid,63400,562.33
1726807836798,BTCUSD_PERP,bid,63400,624.47
1726807836905,BTCUSD_PERP,bid,63400,687.25
1726807837106,BTCUSD_PERP,bid,63400,750.03
1726807839714,BTCUSD_PERP,bid,63400,762.38
1726807850412,BTCUSD_PERP,bid,63300,624.91
1726807850518,BTCUSD_PERP,bid,63300,687.65
1726807850708,BTCUSD_PERP,bid,63300,749.75
1726807917106,BTCUSD_PERP,bid,63300,499.83
1726807919350,BTCUSD_PERP,bid,63300,687.01
1726807919655,BTCUSD_PERP,bid,63300,687.14
1726807981906,BTCUSD_PERP,bid,63300,499.65
1726807983227,BTCUSD_PERP,bid,63300,498.8
1726807983326,BTCUSD_PERP,bid,63300,624.3
1726807983533,BTCUSD_PERP,bid,63300,686.41
1726807999324,BTCUSD_PERP,bid,63300,623.66
1726807999436,BTCUSD_PERP,bid,63300,498.16
1726808000260,BTCUSD_PERP,bid,63300,499.77
1726808000386,BTCUSD_PERP,bid,63300,624.56
1726808000492,BTCUSD_PERP,bid,63300,748.72
1726808001765,BTCUSD_PERP,bid,63300,748.87
1726808003231,BTCUSD_PERP,bid,63300,749.02
1726808005004,BTCUSD_PERP,ask,64500,474.66
1726808007216,BTCUSD_PERP,ask,64500,484.98
1726808010791,BTCUSD_PERP,ask,64500,491.43
1726808011613,BTCUSD_PERP,ask,64500,501.75
1726808025796,BTCUSD_PERP,bid,63300,561.52
1726808025897,BTCUSD_PERP,bid,63300,1060.44
1726808025997,BTCUSD_PERP,bid,63300,1123.12
1726808026099,BTCUSD_PERP,bid,63300,1185.8
1726808078910,BTCUSD_PERP,bid,63300,1060.44
1726808079006,BTCUSD_PERP,bid,63200,499.21
1726808079111,BTCUSD_PERP,bid,63200,810.51
1726808079214,BTCUSD_PERP,bid,63200,873.15
1726808181281,BTCUSD_PERP,bid,63200,747.87
1726808181380,BTCUSD_PERP,bid,63200,499.52
1726808181483,BTCUSD_PERP,bid,63200,810.63
1726808217610,BTCUSD_PERP,bid,63200,748.03
1726808217720,BTCUSD_PERP,bid,63200,560.87
1726808217818,BTCUSD_PERP,bid,63200,498.27
1726808218024,BTCUSD_PERP,bid,63200,562.36
1726808218125,BTCUSD_PERP,bid,63200,625.0
1726808218328,BTCUSD_PERP,bid,63200,687.64
1726808218534,BTCUSD_PERP,bid,63200,812.28
1726808218632,BTCUSD_PERP,bid,63200,874.28
1726808218732,BTCUSD_PERP,bid,63200,936.28
1726808219043,BTCUSD_PERP,bid,63200,1061.56
1726808219148,BTCUSD_PERP,bid,63200,483.79
1726808219148,BTCUSD_PERP,bid,63200,1123.56
1726808219352,BTCUSD_PERP,bid,63200,1185.56
1726808278452,BTCUSD_PERP,bid,63200,1123.56
1726808278555,BTCUSD_PERP,bid,63200,1061.56
1726808278644,BTCUSD_PERP,bid,63200,998.92
1726808278856,BTCUSD_PERP,bid,63200,936.28
1726808279063,BTCUSD_PERP,bid,63200,874.28
1726808279163,BTCUSD_PERP,bid,63200,749.64
1726808279470,BTCUSD_PERP,bid,63200,625.64
1726808279577,BTCUSD_PERP,bid,63300,498.16
1726808279678,BTCUSD_PERP,bid,63200,500.36
1726808279678,BTCUSD_PERP,bid,63300,560.83
1726808279779,BTCUSD_PERP,bid,63300,686.17
1726808279880,BTCUSD_PERP,bid,63300,811.51
1726808279975,BTCUSD_PERP,bid,63300,936.85
1726808280179,BTCUSD_PERP,bid,63300,1061.45
1726808280301,BTCUSD_PERP,bid,63200,484.07
1726808280499,BTCUSD_PERP,bid,63300,1124.12
1726808458018,BTCUSD_PERP,bid,63300,1062.09
1726808458122,BTCUSD_PERP,bid,63200,686.37
1726808458222,BTCUSD_PERP,bid,63200,1060.93
1726808458326,BTCUSD_PERP,bid,63200,1123.57
1726808521424,BTCUSD_PERP,bid,63200,936.29
1726808521522,BTCUSD_PERP,bid,63200,873.76
1726808521630,BTCUSD_PERP,bid,63200,811.12
1726808521851,BTCUSD_PERP,bid,63100,484.04
1726808521851,BTCUSD_PERP,bid,63200,749.12
1726808521958,BTCUSD_PERP,bid,63100,546.11
1726808521958,BTCUSD_PERP,bid,63200,935.21
1726808522039,BTCUSD_PERP,bid,63100,671.15
1726808522039,BTCUSD_PERP,bid,63200,1060.43
1726808522143,BTCUSD_PERP,bid,63200,1123.04
1726808549254,BTCUSD_PERP,bid,63100,546.72
1726808595040,BTCUSD_PERP,bid,63200,1060.43
1726808595145,BTCUSD_PERP,bid,63200,997.82
1726808595249,BTCUSD_PERP,bid,63200,935.21
1726808595450,BTCUSD_PERP,bid,63200,873.24
1726808595657,BTCUSD_PERP,bid,63200,748.02
1726808595757,BTCUSD_PERP,bid,63200,686.05
1726808595757,BTCUSD_PERP,bid,63200,499.22
1726808595977,BTCUSD_PERP,bid,63200,624.08
1726808595977,BTCUSD_PERP,bid,63200,561.23
1726808596181,BTCUSD_PERP,bid,63200,748.41
1726808596294,BTCUSD_PERP,bid,63200,811.05
1726808596391,BTCUSD_PERP,bid,63200,873.69
1726808596598,BTCUSD_PERP,bid,63200,935.7
1726808596697,BTCUSD_PERP,bid,63200,997.7
1726808596801,BTCUSD_PERP,bid,63200,1060.34
1726808597007,BTCUSD_PERP,bid,63200,1185.62
1726808597206,BTCUSD_PERP,bid,63200,483.85
1726808648960,BTCUSD_PERP,bid,63300,811.63
1726808649059,BTCUSD_PERP,bid,63300,1123.64
1726808649159,BTCUSD_PERP,bid,63200,484.1
1726808649159,BTCUSD_PERP,bid,63300,1186.32
1726808687132,BTCUSD_PERP,bid,63300,1061.6
1726808687333,BTCUSD_PERP,bid,63300,936.35
1726808687739,BTCUSD_PERP,bid,63300,812.27
1726808687847,BTCUSD_PERP,bid,63300,749.59
1726808687947,BTCUSD_PERP,bid,63300,624.23
1726808688049,BTCUSD_PERP,bid,63300,500.16
1726808688771,BTCUSD_PERP,bid,63300,499.84
1726808688973,BTCUSD_PERP,bid,63300,562.56
1726808770225,BTCUSD_PERP,bid,63300,500.61
1726808806307,BTCUSD_PERP,bid,63300,500.31
1726808849411,BTCUSD_PERP,bid,63300,500.48
1726808851004,BTCUSD_PERP,bid,63300,499.54
1726808851110,BTCUSD_PERP,bid,63300,562.22
1726808882605,BTCUSD_PERP,bid,63300,499.74
1726808882919,BTCUSD_PERP,bid,63300,624.54
1726808883034,BTCUSD_PERP,bid,63300,687.26
1726808883120,BTCUSD_PERP,bid,63300,749.98
1726808883300,BTCUSD_PERP,bid,63300,750.28
1726808883527,BTCUSD_PERP,bid,63300,813.0
1726808883670,BTCUSD_PERP,bid,63300,875.09
1726808883779,BTCUSD_PERP,bid,63300,937.81
1726808886205,BTCUSD_PERP,bid,63300,937.96
1726808967769,BTCUSD_PERP,bid,63300,875.22
1726808993016,BTCUSD_PERP,bid,63300,750.36
1726808993214,BTCUSD_PERP,bid,63300,688.24
1726808993423,BTCUSD_PERP,bid,63300,626.12
1726808993527,BTCUSD_PERP,bid,63300,500.62
1726808993729,BTCUSD_PERP,bid,63300,499.19
1726808993836,BTCUSD_PERP,bid,63300,561.91
1726808994057,BTCUSD_PERP,bid,63300,687.24
1726808994377,BTCUSD_PERP,bid,63300,749.96
1726808994482,BTCUSD_PERP,bid,63300,937.48
1726809000351,BTCUSD_PERP,bid,63300,949.81
1726809041197,BTCUSD_PERP,bid,63300,762.94
1726809041502,BTCUSD_PERP,bid,63300,574.78
1726809041597,BTCUSD_PERP,bid,63300,499.53
1726809041695,BTCUSD_PERP,bid,63300,936.93
1726809344248,BTCUSD_PERP,bid,63300,874.25
1726809344352,BTCUSD_PERP,bid,63300,812.2
1726809344658,BTCUSD_PERP,bid,63300,686.84
1726809344775,BTCUSD_PERP,bid,63300,562.21
1726809345092,BTCUSD_PERP,bid,63300,499.53
1726809345610,BTCUSD_PERP,bid,63300,500.38
1726809345907,BTCUSD_PERP,bid,63300,563.1
1726809346037,BTCUSD_PERP,bid,63300,749.98
1726809346240,BTCUSD_PERP,bid,63300,812.7
1726809452118,BTCUSD_PERP,bid,63300,749.98
1726809452419,BTCUSD_PERP,bid,63300,687.26
1726809452522,BTCUSD_PERP,bid,63300,624.54
1726809452623,BTCUSD_PERP,bid,63300,499.74
1726809675994,BTCUSD_PERP,bid,63400,500.2
1726809701450,BTCUSD_PERP,bid,63400,500.63
1726809703083,BTCUSD_PERP,bid,63400,563.08
1726809703788,BTCUSD_PERP,bid,63400,500.23
1726809707057,BTCUSD_PERP,bid,63300,500.21
1726809732624,BTCUSD_PERP,bid,63300,500.16
1726809733017,BTCUSD_PERP,bid,63300,512.5
1726809770527,BTCUSD_PERP,bid,63400,687.38
1726809770632,BTCUSD_PERP,bid,63400,750.17
1726809782257,BTCUSD_PERP,bid,63400,687.49
1726809782354,BTCUSD_PERP,bid,63400,625.34
1726809782460,BTCUSD_PERP,bid,63400,562.55
1726809799420,BTCUSD_PERP,bid,63300,577.14
1726809799522,BTCUSD_PERP,bid,63300,639.81
1726809799826,BTCUSD_PERP,bid,63300,499.47
1726809821384,BTCUSD_PERP,bid,63200,623.77
1726809825124,BTCUSD_PERP,ask,64500,468.18
1726809848218,BTCUSD_PERP,bid,63200,561.14
1726809848521,BTCUSD_PERP,bid,63200,498.51
1726809848822,BTCUSD_PERP,bid,63300,499.92
1726809849130,BTCUSD_PERP,bid,63300,625.24
1726809881484,BTCUSD_PERP,bid,63200,936.16
1726809881588,BTCUSD_PERP,bid,63200,499.38
1726809881588,BTCUSD_PERP,bid,63200,998.79
1726809933064,BTCUSD_PERP,bid,63200,749.54
1726809933162,BTCUSD_PERP,bid,63200,624.28
1726809933472,BTCUSD_PERP,bid,63200,500.3
1726809934184,BTCUSD_PERP,bid,63300,499.52
1726810139907,BTCUSD_PERP,bid,63200,561.29
1726810140005,BTCUSD_PERP,bid,63200,623.94
1726810288811,BTCUSD_PERP,bid,63200,561.29
1726810289006,BTCUSD_PERP,bid,63200,561.02
1726810289118,BTCUSD_PERP,bid,63200,623.64
1726810289529,BTCUSD_PERP,bid,63200,685.61
1726810380021,BTCUSD_PERP,bid,63200,623.63
1726810380221,BTCUSD_PERP,bid,63200,561.01
1726810413051,BTCUSD_PERP,bid,63300,498.31
1726810619457,BTCUSD_PERP,bid,63200,498.8
1726810658941,BTCUSD_PERP,bid,63200,561.04
1726810809730,BTCUSD_PERP,bid,63200,498.41
1726810983213,BTCUSD_PERP,ask,64400,475.82
1726810988065,BTCUSD_PERP,ask,64400,469.45
1726811144143,BTCUSD_PERP,bid,63100,497.22
1726811144251,BTCUSD_PERP,bid,63100,559.69
1726811149205,BTCUSD_PERP,bid,63000,498.32
1726811183519,BTCUSD_PERP,bid,63000,496.96
1726811183619,BTCUSD_PERP,bid,63000,559.4
1726811206513,BTCUSD_PERP,bid,63000,496.96
1726811208240,BTCUSD_PERP,bid,63100,560.49
1726811208336,BTCUSD_PERP,bid,63100,684.83
1726811208436,BTCUSD_PERP,bid,63100,746.68
1726811208946,BTCUSD_PERP,bid,63100,808.53
1726811216414,BTCUSD_PERP,bid,63100,746.04
1726811216626,BTCUSD_PERP,bid,63100,621.7
1726811253885,BTCUSD_PERP,bid,63100,562.09
1726811409284,BTCUSD_PERP,bid,63200,497.25
1726811409805,BTCUSD_PERP,bid,63200,559.24
1726811409904,BTCUSD_PERP,bid,63200,621.87
1726811410320,BTCUSD_PERP,bid,63200,684.5
1726811410528,BTCUSD_PERP,bid,63200,747.13
1726811410729,BTCUSD_PERP,bid,63200,809.76
1726811434623,BTCUSD_PERP,bid,63200,685.13
1726811435132,BTCUSD_PERP,bid,63200,623.14
1726811435240,BTCUSD_PERP,bid,63200,561.15
1726811435335,BTCUSD_PERP,bid,63200,499.15
1726811435853,BTCUSD_PERP,bid,63200,621.55
1726811435954,BTCUSD_PERP,bid,63200,684.15
1726811436058,BTCUSD_PERP,bid,63200,746.75
1726811477919,BTCUSD_PERP,bid,63200,684.79
1726811478018,BTCUSD_PERP,bid,63200,498.26
1726811479674,BTCUSD_PERP,bid,63200,499.2
1726811479766,BTCUSD_PERP,bid,63200,561.2
1726811547818,BTCUSD_PERP,bid,63200,499.2
1726811549337,BTCUSD_PERP,bid,63200,498.96
1726811549536,BTCUSD_PERP,bid,63200,560.93
1726811576610,BTCUSD_PERP,bid,63200,560.98
1726811590339,BTCUSD_PERP,bid,63200,809.51
1726811590452,BTCUSD_PERP,bid,63200,934.65
1726811594321,BTCUSD_PERP,bid,63200,685.4
1726811594723,BTCUSD_PERP,bid,63200,809.98
1726811594829,BTCUSD_PERP,bid,63200,872.59
1726811595151,BTCUSD_PERP,bid,63200,935.2
1726811641210,BTCUSD_PERP,bid,63200,873.23
1726811641315,BTCUSD_PERP,bid,63200,748.65
1726811641614,BTCUSD_PERP,bid,63200,686.04
1726811641715,BTCUSD_PERP,bid,63200,561.19
1726811641816,BTCUSD_PERP,bid,63200,809.59
1726811685842,BTCUSD_PERP,bid,63200,747.01
1726811685942,BTCUSD_PERP,bid,63200,684.43
1726811686042,BTCUSD_PERP,bid,63200,560.55
1726811686859,BTCUSD_PERP,bid,63100,483.08
1726811686859,BTCUSD_PERP,bid,63100,622.76
1726811769969,BTCUSD_PERP,bid,63200,809.52
1726811770074,BTCUSD_PERP,bid,63100,483.36
1726811770074,BTCUSD_PERP,bid,63200,872.09
1726811770172,BTCUSD_PERP,bid,63100,545.83
1726811976362,BTCUSD_PERP,bid,63200,809.52
1726811976569,BTCUSD_PERP,bid,63200,747.05
1726811976674,BTCUSD_PERP,bid,63200,684.48
1726811976780,BTCUSD_PERP,bid,63200,622.54
1726811976882,BTCUSD_PERP,bid,63200,559.97
1726811977191,BTCUSD_PERP,bid,63200,498.03
1726811977280,BTCUSD_PERP,bid,63200,499.49
1726811977401,BTCUSD_PERP,bid,63200,561.46
1726811977507,BTCUSD_PERP,bid,63200,686.04
1726811977607,BTCUSD_PERP,bid,63200,873.22
1726811977720,BTCUSD_PERP,bid,63200,935.83
1726811977923,BTCUSD_PERP,bid,63100,546.1
1726811977923,BTCUSD_PERP,bid,63200,997.8
1726811978286,BTCUSD_PERP,bid,63200,1121.74
1726812001505,BTCUSD_PERP,bid,63100,484.03
1726812001602,BTCUSD_PERP,bid,63200,1059.77
1726812001905,BTCUSD_PERP,bid,63200,997.8
1726812002217,BTCUSD_PERP,bid,63200,872.69
1726812002321,BTCUSD_PERP,bid,63200,747.47
1726812002729,BTCUSD_PERP,bid,63200,622.89
1726812002921,BTCUSD_PERP,bid,63200,560.28
1726812003038,BTCUSD_PERP,bid,63200,497.67
1726812003425,BTCUSD_PERP,bid,63200,498.56
1726812003539,BTCUSD_PERP,bid,63200,623.2
1726812003741,BTCUSD_PERP,bid,63200,685.84
1726812022404,BTCUSD_PERP,bid,63200,623.2
1726812022505,BTCUSD_PERP,bid,63200,499.2
1726812023007,BTCUSD_PERP,bid,63300,560.86
1726812023316,BTCUSD_PERP,bid,63300,685.57
1726812083644,BTCUSD_PERP,bid,63300,623.53
1726812084473,BTCUSD_PERP,bid,63300,560.86
1726812085491,BTCUSD_PERP,bid,63300,561.37
1726812085592,BTCUSD_PERP,bid,63300,686.72
1726812085794,BTCUSD_PERP,bid,63300,688.97
1726812086000,BTCUSD_PERP,bid,63300,763.93
1726812086100,BTCUSD_PERP,bid,63300,826.66
1726812126874,BTCUSD_PERP,bid,63300,749.52
1726812127075,BTCUSD_PERP,bid,63300,812.22
1726812161921,BTCUSD_PERP,bid,63300,750.17
1726812162023,BTCUSD_PERP,bid,63300,688.11
1726812162126,BTCUSD_PERP,bid,63300,626.05
1726812162225,BTCUSD_PERP,bid,63300,500.76
1726812163028,BTCUSD_PERP,bid,63200,625.32
1726812308403,BTCUSD_PERP,bid,63200,748.06
1726812308504,BTCUSD_PERP,bid,63200,810.67
1726812463433,BTCUSD_PERP,bid,63200,748.16
1726812464991,BTCUSD_PERP,bid,63200,623.58
1726812465192,BTCUSD_PERP,bid,63200,560.97
1726812465396,BTCUSD_PERP,bid,63200,498.36
1726812465803,BTCUSD_PERP,bid,63200,565.56
1726812466208,BTCUSD_PERP,bid,63200,690.86
1726812466415,BTCUSD_PERP,bid,63200,753.51
1726812466811,BTCUSD_PERP,bid,63200,815.52
1726812468014,BTCUSD_PERP,bid,63200,815.67
1726812470967,BTCUSD_PERP,bid,63200,753.02
1726812528055,BTCUSD_PERP,bid,63200,628.36
1726812528156,BTCUSD_PERP,bid,63200,623.64
1726812528255,BTCUSD_PERP,bid,63200,685.62
1726812731548,BTCUSD_PERP,bid,63200,747.8
1726812807384,BTCUSD_PERP,bid,63200,561.96
1726812807485,BTCUSD_PERP,bid,63100,622.33
1726812807589,BTCUSD_PERP,bid,63100,747.43
1726812818223,BTCUSD_PERP,bid,63100,747.69
1726812818329,BTCUSD_PERP,bid,63100,810.21
1726812934734,BTCUSD_PERP,bid,63100,746.68
1726812934940,BTCUSD_PERP,bid,63100,809.17
1726813102858,BTCUSD_PERP,bid,63100,809.59
1726813102962,BTCUSD_PERP,bid,63100,872.11
1726813106840,BTCUSD_PERP,bid,63100,872.26
1726813106935,BTCUSD_PERP,bid,63100,872.41
1726813160977,BTCUSD_PERP,bid,63100,498.56
1726813161585,BTCUSD_PERP,bid,63100,561.01
1726813161686,BTCUSD_PERP,bid,63100,622.93
1726813161789,BTCUSD_PERP,bid,63100,684.85
1726813161996,BTCUSD_PERP,bid,63100,483.17
1726813161996,BTCUSD_PERP,bid,63100,746.77
1726813162399,BTCUSD_PERP,bid,63100,809.33
1726813162493,BTCUSD_PERP,bid,63100,871.89
1726813514094,BTCUSD_PERP,bid,63100,809.97
1726813514191,BTCUSD_PERP,bid,63100,623.57
1726813514389,BTCUSD_PERP,bid,63100,499.09
1726813514905,BTCUSD_PERP,bid,63200,561.39
1726813515113,BTCUSD_PERP,bid,63200,623.99
1726813594117,BTCUSD_PERP,bid,63200,561.49
1726813594212,BTCUSD_PERP,bid,63200,498.89
1726813596353,BTCUSD_PERP,bid,63200,498.64
1726813601539,BTCUSD_PERP,bid,63200,513.78
1726813801349,BTCUSD_PERP,bid,63100,499.25
1726813811832,BTCUSD_PERP,bid,63100,503.68
1726813936049,BTCUSD_PERP,bid,63100,499.25
1726813981004,BTCUSD_PERP,bid,63100,498.93
1726813981205,BTCUSD_PERP,bid,63100,561.47
1726813981322,BTCUSD_PERP,bid,63100,623.37
1726814010015,BTCUSD_PERP,bid,63100,560.83
1726814011342,BTCUSD_PERP,bid,63200,498.55
1726814011848,BTCUSD_PERP,bid,63200,561.12
1726814011951,BTCUSD_PERP,bid,63200,573.43
1726814018090,BTCUSD_PERP,bid,63200,575.7
1726814132180,BTCUSD_PERP,bid,63200,563.39
1726814139778,BTCUSD_PERP,bid,63200,561.12
1726814254355,BTCUSD_PERP,bid,63200,499.18
1726814255682,BTCUSD_PERP,bid,63200,499.49
1726814255899,BTCUSD_PERP,bid,63200,562.1
1726814256106,BTCUSD_PERP,bid,63200,748.65
1726814256216,BTCUSD_PERP,bid,63200,811.26
1726814256319,BTCUSD_PERP,bid,63200,823.57
1726814376656,BTCUSD_PERP,bid,63200,811.26
1726814442061,BTCUSD_PERP,bid,63200,686.68
1726814442163,BTCUSD_PERP,bid,63200,624.07
1726814442268,BTCUSD_PERP,bid,63200,562.1
1726814447168,BTCUSD_PERP,bid,63200,499.49
1726814448103,BTCUSD_PERP,bid,63200,499.76
1726814448311,BTCUSD_PERP,bid,63200,562.4
1726814552419,BTCUSD_PERP,bid,63200,748.01
1726814552520,BTCUSD_PERP,bid,63100,546.13
1726814552520,BTCUSD_PERP,bid,63200,997.81
1726814552622,BTCUSD_PERP,bid,63100,608.63
1726814552622,BTCUSD_PERP,bid,63200,1060.42
1726814571729,BTCUSD_PERP,bid,63100,795.07
1726814571729,BTCUSD_PERP,bid,63200,747.05
1726814571831,BTCUSD_PERP,bid,63100,795.23
1726814571831,BTCUSD_PERP,bid,63200,934.76
1726814571937,BTCUSD_PERP,bid,63100,545.82
1726814571937,BTCUSD_PERP,bid,63200,997.33
1726814613082,BTCUSD_PERP,bid,63100,483.31
1726814613286,BTCUSD_PERP,bid,63200,622.55
1726814613383,BTCUSD_PERP,bid,63100,483.1
1726814613383,BTCUSD_PERP,bid,63100,871.79
1726814613484,BTCUSD_PERP,bid,63100,934.33
1726814613583,BTCUSD_PERP,bid,63100,545.53
1726814613583,BTCUSD_PERP,bid,63100,996.87
1726814662486,BTCUSD_PERP,bid,63100,483.05
1726814662486,BTCUSD_PERP,bid,63100,871.79
1726814662686,BTCUSD_PERP,bid,63100,809.25
1726814662887,BTCUSD_PERP,bid,63100,746.71
1726814663088,BTCUSD_PERP,bid,63100,559.72
1726814663193,BTCUSD_PERP,bid,63100,497.18
1726814663193,BTCUSD_PERP,bid,63200,499.37
1726814663296,BTCUSD_PERP,bid,63200,561.95
1726814663400,BTCUSD_PERP,bid,63200,685.83
1726814663501,BTCUSD_PERP,bid,63200,747.77
1726814663705,BTCUSD_PERP,bid,63200,810.24
1726814663806,BTCUSD_PERP,bid,63200,935.4
1726814664112,BTCUSD_PERP,bid,63100,499.05
1726814664112,BTCUSD_PERP,bid,63200,997.34
1726814664225,BTCUSD_PERP,bid,63100,561.57
1726814664325,BTCUSD_PERP,bid,63100,608.46
1726814664325,BTCUSD_PERP,bid,63200,1121.86
1726814717856,BTCUSD_PERP,bid,63100,545.94
1726814717956,BTCUSD_PERP,bid,63200,1059.92
1726814718156,BTCUSD_PERP,bid,63100,483.42
1726814718156,BTCUSD_PERP,bid,63200,934.76
1726814718475,BTCUSD_PERP,bid,63200,872.18
1726814718570,BTCUSD_PERP,bid,63200,809.6
1726814718767,BTCUSD_PERP,bid,63200,622.5
1726814718767,BTCUSD_PERP,bid,63200,499.61
1726814718989,BTCUSD_PERP,bid,63200,560.56
1726814718989,BTCUSD_PERP,bid,63200,561.59
1726814719095,BTCUSD_PERP,bid,63200,563.86
1726814719292,BTCUSD_PERP,bid,63200,626.47
1726814719392,BTCUSD_PERP,bid,63200,750.96
1726814719498,BTCUSD_PERP,bid,63200,812.93
1726814719700,BTCUSD_PERP,bid,63100,546.19
1726814719700,BTCUSD_PERP,bid,63200,874.91
1726814719799,BTCUSD_PERP,bid,63200,1062.11
1726814720004,BTCUSD_PERP,bid,63100,608.69
1726814720004,BTCUSD_PERP,bid,63200,1124.72
1726814720837,BTCUSD_PERP,bid,63200,1126.29
1726814736051,BTCUSD_PERP,ask,64400,467.91
1726814737104,BTCUSD_PERP,ask,64400,474.34
1726814737650,BTCUSD_PERP,ask,64400,484.64
1726814740176,BTCUSD_PERP,ask,64400,494.94
1726814742016,BTCUSD_PERP,ask,64400,501.37
1726814743004,BTCUSD_PERP,ask,64400,511.67
1726814743208,BTCUSD_PERP,ask,64400,518.1
1726814744257,BTCUSD_PERP,ask,64400,524.53
1726814745632,BTCUSD_PERP,ask,64400,545.77
1726814745727,BTCUSD_PERP,bid,63200,1001.07
1726814745831,BTCUSD_PERP,bid,63100,545.93
1726814745831,BTCUSD_PERP,bid,63200,997.33
1726814745932,BTCUSD_PERP,bid,63100,608.4
1726814745932,BTCUSD_PERP,bid,63200,1059.91
1726814746541,BTCUSD_PERP,ask,64400,556.07
1726814786505,BTCUSD_PERP,bid,63100,614.3
1726814797111,BTCUSD_PERP,ask,64400,549.64
1726814797601,BTCUSD_PERP,ask,64400,539.34
1726814800505,BTCUSD_PERP,ask,64400,529.04
1726814802248,BTCUSD_PERP,ask,64400,522.61
1726814803062,BTCUSD_PERP,ask,64400,512.31
1726814803578,BTCUSD_PERP,ask,64400,505.88
1726814806995,BTCUSD_PERP,ask,64400,495.58
1726814831589,BTCUSD_PERP,ask,64400,474.33
1726814835765,BTCUSD_PERP,bid,63100,552.41
1726814835857,BTCUSD_PERP,bid,63100,489.89
1726814836058,BTCUSD_PERP,bid,63200,997.33
1726814836058,BTCUSD_PERP,ask,64400,467.9
1726814836207,BTCUSD_PERP,bid,63200,872.17
1726814836306,BTCUSD_PERP,bid,63200,685.71
1726814836614,BTCUSD_PERP,bid,63100,546.61
1726814836614,BTCUSD_PERP,bid,63200,623.13
1726814836826,BTCUSD_PERP,bid,63200,560.55
1726814836826,BTCUSD_PERP,bid,63200,499.61
1726814837048,BTCUSD_PERP,bid,63200,498.61
1726814837048,BTCUSD_PERP,bid,63200,561.58
1726814837240,BTCUSD_PERP,bid,63100,608.69
1726814837388,BTCUSD_PERP,bid,63200,686.16
1726814837480,BTCUSD_PERP,bid,63200,810.74
1726814837705,BTCUSD_PERP,bid,63200,935.96
1726814837810,BTCUSD_PERP,bid,63200,1060.44
1726814902207,BTCUSD_PERP,bid,63100,546.14
1726814902207,BTCUSD_PERP,bid,63200,935.97
1726814902307,BTCUSD_PERP,bid,63100,483.59
1726814902307,BTCUSD_PERP,bid,63200,810.75
1726814902407,BTCUSD_PERP,bid,63100,545.86
1726814902407,BTCUSD_PERP,bid,63200,622.6
1726814902511,BTCUSD_PERP,bid,63200,872.28
1726814902616,BTCUSD_PERP,bid,63100,608.33
1726814902616,BTCUSD_PERP,bid,63200,934.86
1726814918687,BTCUSD_PERP,ask,64400,531.95
1726814926858,BTCUSD_PERP,bid,63100,546.29
1726814927170,BTCUSD_PERP,bid,63200,684.54
1726814927270,BTCUSD_PERP,bid,63100,545.58
1726814927270,BTCUSD_PERP,bid,63100,996.77
1726814927364,BTCUSD_PERP,bid,63100,608.01
1726814927476,BTCUSD_PERP,bid,63100,1059.31
1726814937623,BTCUSD_PERP,ask,64400,525.58
1726814941811,BTCUSD_PERP,ask,64400,504.54
1726814945625,BTCUSD_PERP,ask,64400,483.5
1726814951877,BTCUSD_PERP,ask,64400,477.13
1726814955813,BTCUSD_PERP,ask,64400,466.93
1726815014349,BTCUSD_PERP,bid,63100,935.5
1726815023594,BTCUSD_PERP,ask,64400,486.75
1726815026346,BTCUSD_PERP,bid,63200,501.84
1726815026443,BTCUSD_PERP,bid,63200,626.51
1726815026551,BTCUSD_PERP,bid,63200,751.71
1726815026647,BTCUSD_PERP,bid,63200,829.39
1726815026860,BTCUSD_PERP,bid,63200,892.04
1726815033325,BTCUSD_PERP,ask,64500,563.08
1726815034033,BTCUSD_PERP,ask,64500,542.0
1726815036400,BTCUSD_PERP,ask,64500,535.62
1726815047353,BTCUSD_PERP,ask,64500,514.54
1726815063581,BTCUSD_PERP,ask,64500,504.32
1726815073427,BTCUSD_PERP,ask,64500,494.1
1726815074238,BTCUSD_PERP,ask,64500,483.88
1726815075162,BTCUSD_PERP,ask,64500,473.66
1726815102649,BTCUSD_PERP,bid,63200,829.39
1726815102850,BTCUSD_PERP,bid,63200,704.73
1726815103054,BTCUSD_PERP,bid,63200,517.42
1726815103255,BTCUSD_PERP,bid,63200,499.05
1726815103351,BTCUSD_PERP,bid,63200,624.18
1726815103460,BTCUSD_PERP,bid,63200,872.77
1726815113221,BTCUSD_PERP,bid,63200,810.78
1726815113319,BTCUSD_PERP,bid,63200,686.17
1726815113426,BTCUSD_PERP,bid,63200,561.57
1726815113529,BTCUSD_PERP,bid,63200,498.95
1726815113828,BTCUSD_PERP,bid,63300,499.43
1726815113921,BTCUSD_PERP,bid,63300,562.1
1726815114438,BTCUSD_PERP,bid,63300,624.66
1726815114543,BTCUSD_PERP,bid,63300,749.36
1726815130130,BTCUSD_PERP,bid,63300,687.34
1726815130431,BTCUSD_PERP,bid,63300,624.67
1726815130538,BTCUSD_PERP,bid,63300,499.97
1726815130938,BTCUSD_PERP,bid,63200,500.3
1726815357046,BTCUSD_PERP,bid,63200,498.36
1726815357356,BTCUSD_PERP,bid,63200,560.97
1726815357595,BTCUSD_PERP,bid,63200,622.94
1726815357704,BTCUSD_PERP,bid,63200,685.55
1726815358104,BTCUSD_PERP,bid,63200,748.16
1726815368454,BTCUSD_PERP,bid,63200,760.47
1726815488902,BTCUSD_PERP,bid,63200,748.16
1726815625118,BTCUSD_PERP,bid,63200,685.18
1726815832627,BTCUSD_PERP,bid,63200,498.72
1726815832726,BTCUSD_PERP,bid,63100,747.45
1726815878740,BTCUSD_PERP,bid,63100,684.9
1726815878939,BTCUSD_PERP,bid,63100,560.44
1726815879348,BTCUSD_PERP,bid,63100,497.89
1726815879755,BTCUSD_PERP,bid,63200,499.45
1726815879958,BTCUSD_PERP,bid,63200,624.52
1726815880060,BTCUSD_PERP,bid,63200,687.11
1726815880572,BTCUSD_PERP,bid,63200,872.96
1726815880674,BTCUSD_PERP,bid,63100,483.9
1726815880674,BTCUSD_PERP,bid,63200,934.91
1726815880787,BTCUSD_PERP,bid,63100,546.38
1726815880787,BTCUSD_PERP,bid,63200,997.5
1726815880887,BTCUSD_PERP,bid,63200,1060.09
1726815881088,BTCUSD_PERP,bid,63100,608.44
1726815926090,BTCUSD_PERP,bid,63100,545.93
1726815926090,BTCUSD_PERP,bid,63200,935.55
1726815926186,BTCUSD_PERP,bid,63100,483.21
1726815926186,BTCUSD_PERP,bid,63100,622.93
1726815926299,BTCUSD_PERP,bid,63100,545.7
1726815926299,BTCUSD_PERP,bid,63100,997.65
1726815926404,BTCUSD_PERP,bid,63100,608.15
1726815926602,BTCUSD_PERP,bid,63100,1059.57
1726815949305,BTCUSD_PERP,bid,63100,997.65
1726815949405,BTCUSD_PERP,bid,63100,810.77
1726815949516,BTCUSD_PERP,bid,63000,545.42
1726815949613,BTCUSD_PERP,bid,63000,607.84
1726815949613,BTCUSD_PERP,bid,63100,873.29
1726816034714,BTCUSD_PERP,bid,63100,810.77
1726816035011,BTCUSD_PERP,bid,63000,545.38
1726816035122,BTCUSD_PERP,bid,63100,748.88
1726816035223,BTCUSD_PERP,bid,63100,499.53
1726816035326,BTCUSD_PERP,bid,63000,545.14
1726816035326,BTCUSD_PERP,bid,63100,934.08
1726816035530,BTCUSD_PERP,bid,63000,607.52
1726816035530,BTCUSD_PERP,bid,63100,996.57
1726816036334,BTCUSD_PERP,bid,63100,1058.43
1726816205352,BTCUSD_PERP,bid,63100,746.71
1726816205663,BTCUSD_PERP,bid,63000,497.12
1726816348013,BTCUSD_PERP,bid,63100,560.5
1726816474781,BTCUSD_PERP,bid,63000,498.31
1726816480918,BTCUSD_PERP,bid,63000,513.43
1726816555473,BTCUSD_PERP,bid,63000,622.21
1726816555577,BTCUSD_PERP,bid,63000,746.42
1726816558105,BTCUSD_PERP,bid,63000,747.99
1726816577152,BTCUSD_PERP,bid,63000,498.38
1726816577254,BTCUSD_PERP,bid,62900,481.93
1726816577254,BTCUSD_PERP,bid,63000,684.27
1726816577356,BTCUSD_PERP,bid,62900,544.21
1726816577356,BTCUSD_PERP,bid,63000,746.66
1726816712151,BTCUSD_PERP,bid,62900,481.88
1726816712151,BTCUSD_PERP,bid,63000,621.88
1726816712256,BTCUSD_PERP,bid,62900,481.62
1726816712256,BTCUSD_PERP,bid,62900,745.56
1726816712358,BTCUSD_PERP,bid,62900,869.62
1726816712457,BTCUSD_PERP,bid,62900,543.86
1726816712457,BTCUSD_PERP,bid,62900,931.97
1726816816281,BTCUSD_PERP,bid,62900,621.49
1726816816383,BTCUSD_PERP,bid,63000,621.97
1726816816590,BTCUSD_PERP,bid,63000,683.73
1726816816688,BTCUSD_PERP,bid,63000,746.12
1726816816790,BTCUSD_PERP,bid,63000,808.51
1726816816889,BTCUSD_PERP,bid,62900,482.47
1726816816999,BTCUSD_PERP,bid,62900,544.79
1726816816999,BTCUSD_PERP,bid,63000,870.9
1726816967329,BTCUSD_PERP,bid,63000,870.27
1726817074833,BTCUSD_PERP,bid,62900,482.47
1726817074833,BTCUSD_PERP,bid,63000,620.71
1726817074946,BTCUSD_PERP,bid,62900,559.17
1726817076372,BTCUSD_PERP,bid,62900,942.71
1726817076674,BTCUSD_PERP,bid,62900,1005.0
1726817095985,BTCUSD_PERP,ask,64100,553.32
1726817121406,BTCUSD_PERP,ask,64100,532.36
1726817123671,BTCUSD_PERP,ask,64100,511.4
1726817128855,BTCUSD_PERP,ask,64100,490.44
1726817130886,BTCUSD_PERP,ask,64100,484.09
1726817150477,BTCUSD_PERP,bid,62900,992.86
1726817151950,BTCUSD_PERP,ask,64100,477.74
1726817152911,BTCUSD_PERP,ask,64100,467.58
1726817160936,BTCUSD_PERP,bid,62900,869.54
1726817161771,BTCUSD_PERP,bid,62900,496.12
1726817162072,BTCUSD_PERP,bid,62900,558.45
1726817162175,BTCUSD_PERP,bid,62900,620.78
1726817162380,BTCUSD_PERP,bid,62900,682.48
1726817209909,BTCUSD_PERP,bid,62800,743.32
1726817210025,BTCUSD_PERP,bid,62800,805.58
1726817210121,BTCUSD_PERP,bid,62800,867.84
1726817259164,BTCUSD_PERP,bid,62800,681.69
1726817259271,BTCUSD_PERP,bid,62800,495.54
1726817260931,BTCUSD_PERP,bid,62900,496.5
1726817261034,BTCUSD_PERP,bid,62900,558.16
1726817347791,BTCUSD_PERP,bid,62800,496.19
1726817348205,BTCUSD_PERP,bid,62800,557.82
1726817436645,BTCUSD_PERP,bid,62800,496.19
1726817437153,BTCUSD_PERP,bid,62900,496.49
1726817437976,BTCUSD_PERP,bid,62900,495.88
1726817438498,BTCUSD_PERP,bid,62900,557.55
1726817438606,BTCUSD_PERP,bid,62900,619.85
