1726968608927,BTCUSDT,bid,47000,851.641
1726970353656,BTCUSDT,bid,47000,841.641
1726971920928,BTCUSDT,bid,47000,841.633
1726971943988,BTCUSDT,bid,47000,841.629
1726974234716,BTCUSDT,bid,62900,720.145
1726974234920,BTCUSDT,bid,62900,720.065
1726974235122,BTCUSDT,bid,62900,720.048
1726974235430,BTCUSDT,bid,62900,720.08
1726974235529,BTCUSDT,bid,62900,720.046
1726974236134,BTCUSDT,bid,62900,720.014
1726974236344,BTCUSDT,bid,62900,720.012
1726974240262,BTCUSDT,bid,62900,719.996
1726974240565,BTCUSDT,bid,62900,696.475
1726974240666,BTCUSDT,bid,62900,685.559
1726974240768,BTCUSDT,bid,62900,685.563
1726974240869,BTCUSDT,bid,62900,685.571
1726974240958,BTCUSDT,bid,62900,685.576
1726974241074,BTCUSDT,bid,62900,675.011
1726974241176,BTCUSDT,bid,62900,675.653
1726974241277,BTCUSDT,bid,62900,675.607
1726974241379,BTCUSDT,bid,62900,675.578
1726974241483,BTCUSDT,bid,62900,675.372
1726974241585,BTCUSDT,bid,62900,675.376
1726974241685,BTCUSDT,bid,62900,674.737
1726974241787,BTCUSDT,bid,62900,675.376
1726974241889,BTCUSDT,bid,62900,675.381
1726974241993,BTCUSDT,bid,62900,675.401
1726974242093,BTCUSDT,bid,62900,675.394
1726974242193,BTCUSDT,bid,62900,675.394
1726974242289,BTCUSDT,bid,62900,675.394
1726974242499,BTCUSDT,bid,62900,675.398
1726974242600,BTCUSDT,bid,62900,675.402
1726974242702,BTCUSDT,bid,62900,676.309
1726974242803,BTCUSDT,bid,62900,675.678
1726974242906,BTCUSDT,bid,62900,676.316
1726974243005,BTCUSDT,bid,62900,676.316
1726974243106,BTCUSDT,bid,62900,675.039
1726974243213,BTCUSDT,bid,62900,675.039
1726974243313,BTCUSDT,bid,62900,676.332
1726974243415,BTCUSDT,bid,62900,676.338
1726974243518,BTCUSDT,bid,62900,675.044
1726974243621,BTCUSDT,bid,62900,675.683
1726974243726,BTCUSDT,bid,62900,676.341
1726974243827,BTCUSDT,bid,62900,676.341
1726974244032,BTCUSDT,bid,62900,676.337
1726974244126,BTCUSDT,bid,62900,676.337
1726974244236,BTCUSDT,bid,62900,675.68
1726974244334,BTCUSDT,bid,62900,675.683
1726974244441,BTCUSDT,bid,62900,676.317
1726974244545,BTCUSDT,bid,62900,675.685
1726974244654,BTCUSDT,bid,62900,675.685
1726974244863,BTCUSDT,bid,62900,675.675
1726974244966,BTCUSDT,bid,62900,675.682
1726974245065,BTCUSDT,bid,62900,675.678
1726974245166,BTCUSDT,bid,62900,675.675
1726974245281,BTCUSDT,bid,62900,675.685
1726974245374,BTCUSDT,bid,62900,675.689
1726974245491,BTCUSDT,bid,62900,675.683
1726974245604,BTCUSDT,bid,62900,675.683
1726974245806,BTCUSDT,bid,62900,676.878
1726974245905,BTCUSDT,bid,62900,676.878
1726974246025,BTCUSDT,bid,62900,676.871
1726974246233,BTCUSDT,bid,62900,677.465
1726974246353,BTCUSDT,bid,62900,676.823
1726974246456,BTCUSDT,bid,62900,676.19
1726974246555,BTCUSDT,bid,62900,676.195
1726974246962,BTCUSDT,bid,62900,671.861
1726974247164,BTCUSDT,bid,62900,671.847
1726974247987,BTCUSDT,bid,62900,671.851
1726974248394,BTCUSDT,bid,62900,671.912
1726974248495,BTCUSDT,bid,62900,671.915
1726974248797,BTCUSDT,bid,62900,674.615
1726974249410,BTCUSDT,bid,62900,674.622
1726974249511,BTCUSDT,bid,62900,674.615
1726974249614,BTCUSDT,bid,62900,674.613
1726974250031,BTCUSDT,bid,62900,674.655
1726974251047,BTCUSDT,bid,62900,674.649
1726974252082,BTCUSDT,bid,62900,671.949
1726974252705,BTCUSDT,bid,62900,671.943
1726974254691,BTCUSDT,bid,62900,671.937
1726974256547,BTCUSDT,bid,62300,1073.707
1726974256745,BTCUSDT,bid,62900,671.931
1726974257683,BTCUSDT,bid,62900,671.928
1726974257785,BTCUSDT,bid,62900,671.942
1726974257889,BTCUSDT,bid,62900,671.968
1726974259941,BTCUSDT,bid,62900,671.975
1726974260148,BTCUSDT,bid,62900,671.961
1726974262210,BTCUSDT,bid,62900,672.246
1726974262732,BTCUSDT,bid,62900,672.253
1726974263044,BTCUSDT,bid,62900,672.273
1726974265450,BTCUSDT,bid,62900,672.266
1726974265654,BTCUSDT,bid,62900,672.24
1726974346487,BTCUSDT,bid,63100,501.077
1726974346689,BTCUSDT,bid,63100,501.071
1726974347098,BTCUSDT,bid,63100,500.933
1726974347300,BTCUSDT,bid,63100,497.951
1726974347503,BTCUSDT,bid,63100,497.934
1726974349035,BTCUSDT,bid,63100,497.931
1726974349236,BTCUSDT,bid,63100,498.231
1726974350154,BTCUSDT,bid,63100,497.931
1726974350971,BTCUSDT,bid,63100,497.768
1726974351691,BTCUSDT,bid,63100,500.695
1726975066419,BTCUSDT,bid,47000,842.63
1726977497854,BTCUSDT,bid,47000,842.634
1726977592607,BTCUSDT,bid,47000,842.63
1726977640809,BTCUSDT,bid,47000,842.634
1726978596186,BTCUSDT,bid,47000,842.627
1726979672815,BTCUSDT,bid,47000,842.585
1726992895905,BTCUSDT,bid,47000,842.588
1726998270231,BTCUSDT,bid,47000,846.588
1726999014215,BTCUSDT,bid,47000,846.585
1727007664353,BTCUSDT,bid,47000,846.518
1727008605402,BTCUSDT,bid,47000,846.521
1727008921902,BTCUSDT,bid,47000,846.586
1727011366690,BTCUSDT,bid,47000,846.577
1727014729731,BTCUSDT,bid,47000,846.911
1727019170574,BTCUSDT,bid,47000,847.36
1727019676598,BTCUSDT,bid,47000,846.911
1727019968235,BTCUSDT,bid,47000,846.845
1727021232475,BTCUSDT,bid,47000,846.842
1726963222804,BTCUSD_PERP,bid,62800,496.57
1726963281374,BTCUSD_PERP,bid,62900,496.9
1726963281783,BTCUSD_PERP,bid,62900,559.17
1726963486006,BTCUSD_PERP,bid,62800,496.41
1726963624666,BTCUSD_PERP,bid,62800,496.08
1726963641789,BTCUSD_PERP,bid,62900,495.72
1726963641988,BTCUSD_PERP,bid,62900,558.0
1726963642092,BTCUSD_PERP,bid,62900,620.28
1726963642198,BTCUSD_PERP,bid,62900,743.58
1726963651821,BTCUSD_PERP,bid,62800,557.06
1726963651924,BTCUSD_PERP,bid,62800,619.31
1726963652020,BTCUSD_PERP,bid,62800,681.56
1726963653505,BTCUSD_PERP,bid,62800,620.48
1726963770920,BTCUSD_PERP,bid,62800,496.09
1726963771224,BTCUSD_PERP,bid,62800,619.95
1726963771324,BTCUSD_PERP,bid,62800,496.09
1726963772035,BTCUSD_PERP,bid,62900,496.4
1726963772129,BTCUSD_PERP,bid,62900,620.98
1726963772342,BTCUSD_PERP,bid,62900,682.63
1726963800619,BTCUSD_PERP,bid,62800,682.3
1726963800722,BTCUSD_PERP,bid,62800,744.56
1726963824740,BTCUSD_PERP,bid,62800,620.04
1726963843952,BTCUSD_PERP,bid,62800,496.24
1726963844152,BTCUSD_PERP,bid,62800,558.43
1726963862760,BTCUSD_PERP,bid,62700,494.97
1726963871245,BTCUSD_PERP,bid,62700,556.64
1726963871983,BTCUSD_PERP,bid,62700,495.68
1726963872094,BTCUSD_PERP,bid,62700,557.8
1726963919826,BTCUSD_PERP,bid,62700,555.97
1726963920355,BTCUSD_PERP,bid,62700,618.1
1726963947661,BTCUSD_PERP,bid,62700,495.12
1726964131141,BTCUSD_PERP,bid,62700,496.32
1726964131549,BTCUSD_PERP,bid,62700,496.0
1726964131652,BTCUSD_PERP,bid,62700,558.16
1726964131755,BTCUSD_PERP,bid,62700,619.68
1726964131858,BTCUSD_PERP,bid,62700,681.84
1726964132161,BTCUSD_PERP,bid,62700,806.16
1726964154507,BTCUSD_PERP,bid,62700,682.48
1726964154709,BTCUSD_PERP,bid,62700,558.8
1726964155140,BTCUSD_PERP,bid,62800,496.24
1726964155234,BTCUSD_PERP,bid,62800,557.79
1726964155449,BTCUSD_PERP,bid,62800,744.36
1726964155863,BTCUSD_PERP,bid,62800,806.55
1726964208310,BTCUSD_PERP,bid,62800,558.43
1726964208410,BTCUSD_PERP,bid,62800,496.24
1726964208811,BTCUSD_PERP,bid,62700,495.81
1726964209015,BTCUSD_PERP,bid,62700,557.96
1726964214601,BTCUSD_PERP,bid,62700,496.21
1726964301824,BTCUSD_PERP,bid,62700,805.01
1726964301928,BTCUSD_PERP,bid,62600,480.12
1726964301928,BTCUSD_PERP,bid,62700,867.09
1726964368143,BTCUSD_PERP,bid,62700,805.01
1726964368341,BTCUSD_PERP,bid,62700,680.96
1726964368444,BTCUSD_PERP,bid,62700,619.52
1726964368650,BTCUSD_PERP,bid,62700,557.44
1726964369067,BTCUSD_PERP,bid,62700,494.89
1726964369167,BTCUSD_PERP,bid,62700,557.0
1726964369273,BTCUSD_PERP,bid,62700,619.11
1726964369496,BTCUSD_PERP,bid,62700,743.33
1726964370005,BTCUSD_PERP,bid,62700,805.44
1726964370106,BTCUSD_PERP,bid,62600,480.38
1726964451415,BTCUSD_PERP,bid,62700,743.33
1726964451614,BTCUSD_PERP,bid,62700,742.96
1726964451720,BTCUSD_PERP,bid,62600,480.13
1726964451822,BTCUSD_PERP,bid,62700,805.04
1726964452733,BTCUSD_PERP,bid,62700,866.49
1726964454355,BTCUSD_PERP,bid,62700,868.74
1726964455686,BTCUSD_PERP,bid,62700,870.3
1726964456107,BTCUSD_PERP,bid,62700,887.84
1726964469569,BTCUSD_PERP,bid,62700,900.05
1726964574786,BTCUSD_PERP,bid,62700,897.8
1726964576070,BTCUSD_PERP,bid,62700,772.08
1726964576181,BTCUSD_PERP,bid,62600,619.75
1726964576276,BTCUSD_PERP,bid,62600,742.57
1726964576377,BTCUSD_PERP,bid,62600,479.9
1726964576377,BTCUSD_PERP,bid,62600,804.62
1726964935019,BTCUSD_PERP,bid,62600,681.16
1726965140853,BTCUSD_PERP,bid,62600,494.88
1726965141379,BTCUSD_PERP,bid,62600,618.92
1726965141473,BTCUSD_PERP,bid,62600,804.87
1726965141761,BTCUSD_PERP,bid,62600,866.25
1726965142104,BTCUSD_PERP,bid,62600,927.63
1726965143360,BTCUSD_PERP,bid,62600,927.78
1726965150982,BTCUSD_PERP,ask,63800,475.51
1726965241416,BTCUSD_PERP,bid,62600,865.76
1726965241516,BTCUSD_PERP,bid,62600,803.74
1726965241720,BTCUSD_PERP,bid,62600,741.72
1726965241825,BTCUSD_PERP,bid,62600,494.39
1726965242023,BTCUSD_PERP,bid,62600,495.04
1726965242125,BTCUSD_PERP,bid,62600,557.09
1726965242334,BTCUSD_PERP,bid,62600,619.14
1726965242534,BTCUSD_PERP,bid,62600,681.19
1726965242645,BTCUSD_PERP,bid,62600,742.61
1726965242730,BTCUSD_PERP,bid,62600,804.66
1726965242861,BTCUSD_PERP,bid,62600,866.71
1726965290904,BTCUSD_PERP,bid,62600,804.66
1726965291008,BTCUSD_PERP,bid,62600,681.19
1726965291129,BTCUSD_PERP,bid,62500,479.66
1726965291129,BTCUSD_PERP,bid,62600,618.81
1726965291231,BTCUSD_PERP,bid,62600,804.23
1726965291322,BTCUSD_PERP,bid,62600,866.25
1726965300964,BTCUSD_PERP,bid,62600,883.77
1726965301173,BTCUSD_PERP,bid,62600,885.33
1726965301580,BTCUSD_PERP,bid,62600,887.58
1726965320869,BTCUSD_PERP,ask,63800,485.3
1726965323003,BTCUSD_PERP,ask,63800,495.5
1726965325107,BTCUSD_PERP,bid,62600,899.78
1726965328576,BTCUSD_PERP,ask,63800,505.39
1726965329892,BTCUSD_PERP,ask,63800,511.77
1726965330105,BTCUSD_PERP,ask,63800,518.14
1726965333126,BTCUSD_PERP,ask,63800,524.52
1726965358445,BTCUSD_PERP,ask,63800,514.31
1726965363039,BTCUSD_PERP,ask,63800,504.11
1726965366439,BTCUSD_PERP,ask,63800,497.73
1726965366646,BTCUSD_PERP,ask,63800,487.53
1726965366751,BTCUSD_PERP,ask,63800,481.15
1726965367761,BTCUSD_PERP,ask,63800,470.94
1726965372652,BTCUSD_PERP,bid,62600,838.4
1726965372748,BTCUSD_PERP,bid,62600,777.02
1726965372851,BTCUSD_PERP,bid,62600,591.07
1726965372954,BTCUSD_PERP,bid,62600,529.05
1726965373152,BTCUSD_PERP,bid,62600,494.5
1726965373562,BTCUSD_PERP,bid,62600,556.48
1726965373660,BTCUSD_PERP,bid,62600,617.83
1726965373970,BTCUSD_PERP,bid,62600,679.81
1726965374074,BTCUSD_PERP,bid,62600,741.79
1726965374280,BTCUSD_PERP,bid,62600,803.77
1726965374478,BTCUSD_PERP,bid,62600,865.75
1726965439882,BTCUSD_PERP,bid,62600,803.77
1726965439991,BTCUSD_PERP,bid,62600,741.79
1726965440091,BTCUSD_PERP,bid,62600,679.81
1726965440191,BTCUSD_PERP,bid,62600,617.83
1726965440396,BTCUSD_PERP,bid,62600,555.85
1726965441317,BTCUSD_PERP,bid,62600,494.77
1726965441523,BTCUSD_PERP,bid,62600,618.17
1726965441617,BTCUSD_PERP,bid,62600,680.19
1726965441720,BTCUSD_PERP,bid,62500,479.66
1726965709227,BTCUSD_PERP,bid,62600,495.41
1726965710459,BTCUSD_PERP,bid,62600,493.44
1726965710764,BTCUSD_PERP,bid,62600,555.32
1726965710968,BTCUSD_PERP,bid,62600,617.31
1726965711166,BTCUSD_PERP,bid,62600,679.3
1726965711275,BTCUSD_PERP,bid,62600,741.29
1726965728826,BTCUSD_PERP,bid,62600,679.94
1726965729123,BTCUSD_PERP,bid,62600,555.96
1726965729428,BTCUSD_PERP,bid,62600,494.61
1726966066804,BTCUSD_PERP,bid,62600,495.13
1726966067004,BTCUSD_PERP,bid,62600,494.79
1726966067004,BTCUSD_PERP,bid,62600,557.07
1726966067227,BTCUSD_PERP,bid,62600,743.22
1726966067315,BTCUSD_PERP,bid,62600,541.28
1726966649590,BTCUSD_PERP,bid,62600,681.17
1726966649695,BTCUSD_PERP,bid,62600,479.29
1726966649896,BTCUSD_PERP,bid,62600,557.81
1726966650204,BTCUSD_PERP,bid,62600,495.76
1726966651252,BTCUSD_PERP,bid,62700,503.04
1726966651370,BTCUSD_PERP,bid,62700,564.49
1726966651455,BTCUSD_PERP,bid,62600,479.6
1726966651676,BTCUSD_PERP,bid,62700,688.03
1726966962805,BTCUSD_PERP,bid,62700,625.94
1726966962886,BTCUSD_PERP,bid,62700,563.85
1726966963124,BTCUSD_PERP,bid,62600,680.74
1726966963226,BTCUSD_PERP,bid,62600,479.36
1726967280638,BTCUSD_PERP,bid,62600,618.68
1726967280741,BTCUSD_PERP,bid,62600,556.62
1726967281752,BTCUSD_PERP,bid,62600,495.09
1726967281855,BTCUSD_PERP,bid,62600,618.5
1726967281939,BTCUSD_PERP,bid,62600,680.53
1726967282273,BTCUSD_PERP,bid,62600,865.32
1726967282466,BTCUSD_PERP,bid,62600,926.7
1726967282804,BTCUSD_PERP,bid,62600,988.88
1726967284620,BTCUSD_PERP,bid,62600,989.03
1726967376852,BTCUSD_PERP,bid,62600,618.71
1726967588209,BTCUSD_PERP,bid,62600,557.28
1726967588309,BTCUSD_PERP,bid,62600,495.22
1726967588610,BTCUSD_PERP,bid,62600,1050.1
1726967588820,BTCUSD_PERP,bid,62600,1112.13
1726967984769,BTCUSD_PERP,bid,62600,680.21
1726967984871,BTCUSD_PERP,bid,62600,927.21
1726967984985,BTCUSD_PERP,bid,62600,479.38
1726967984985,BTCUSD_PERP,bid,62600,989.28
1726968027682,BTCUSD_PERP,bid,62600,927.21
1726968027782,BTCUSD_PERP,bid,62600,803.71
1726968028188,BTCUSD_PERP,bid,62600,679.57
1726968028292,BTCUSD_PERP,bid,62600,556.07
1726968028692,BTCUSD_PERP,bid,62600,494.64
1726968029202,BTCUSD_PERP,bid,62700,493.65
1726968029405,BTCUSD_PERP,bid,62700,617.22
1726968029500,BTCUSD_PERP,bid,62700,678.69
1726968029605,BTCUSD_PERP,bid,62700,802.89
1726968067606,BTCUSD_PERP,bid,62700,740.79
1726968067804,BTCUSD_PERP,bid,62700,617.85
1726968068004,BTCUSD_PERP,bid,62700,494.28
1726968068625,BTCUSD_PERP,bid,62700,556.7
1726968068734,BTCUSD_PERP,bid,62700,680.98
1726968068971,BTCUSD_PERP,bid,62700,743.12
1726968069077,BTCUSD_PERP,bid,62700,928.91
1726968069577,BTCUSD_PERP,bid,62700,990.41
1726968069685,BTCUSD_PERP,bid,62700,1051.91
1726968069798,BTCUSD_PERP,bid,62700,480.02
1726968091625,BTCUSD_PERP,bid,62700,681.63
1726968091723,BTCUSD_PERP,bid,62700,939.01
1726968091928,BTCUSD_PERP,bid,62600,479.74
1726968091928,BTCUSD_PERP,bid,62700,1001.12
1726968287071,BTCUSD_PERP,bid,62700,939.01
1726968287167,BTCUSD_PERP,bid,62700,814.79
1726968287278,BTCUSD_PERP,bid,62700,753.32
1726968287377,BTCUSD_PERP,bid,62700,629.74
1726968287475,BTCUSD_PERP,bid,62700,568.27
1726968287581,BTCUSD_PERP,bid,62700,494.72
1726968287581,BTCUSD_PERP,bid,62700,506.16
1726968287678,BTCUSD_PERP,bid,62700,556.16
1726968287785,BTCUSD_PERP,bid,62700,679.04
1726968287884,BTCUSD_PERP,bid,62700,1050.88
1726968288084,BTCUSD_PERP,bid,62600,479.46
1726968510212,BTCUSD_PERP,bid,62700,989.44
1726968510312,BTCUSD_PERP,bid,62700,743.04
1726968510411,BTCUSD_PERP,bid,62600,495.69
1726968510511,BTCUSD_PERP,bid,62600,680.55
1726968510609,BTCUSD_PERP,bid,62600,479.21
1726968510609,BTCUSD_PERP,bid,62600,742.59
1726968525119,BTCUSD_PERP,ask,63800,492.5
1726968526299,BTCUSD_PERP,ask,63800,502.71
1726968531353,BTCUSD_PERP,ask,63800,509.09
1726968532125,BTCUSD_PERP,ask,63800,515.47
1726968534150,BTCUSD_PERP,ask,63800,525.68
1726968534791,BTCUSD_PERP,ask,63800,535.89
1726968538762,BTCUSD_PERP,ask,63800,545.78
1726968577106,BTCUSD_PERP,ask,63800,539.4
1726968579453,BTCUSD_PERP,ask,63800,512.6
1726968581699,BTCUSD_PERP,ask,63800,502.39
1726968586708,BTCUSD_PERP,ask,63800,492.18
1726968591605,BTCUSD_PERP,ask,63800,485.8
1726968594477,BTCUSD_PERP,ask,63800,475.59
1726968644685,BTCUSD_PERP,bid,62600,743.45
1726968644882,BTCUSD_PERP,bid,62600,805.46
1726968735609,BTCUSD_PERP,bid,62600,804.21
1726969111084,BTCUSD_PERP,bid,62600,742.2
1726969111182,BTCUSD_PERP,bid,62600,618.82
1726969111394,BTCUSD_PERP,bid,62600,494.8
1726969112233,BTCUSD_PERP,bid,62600,618.52
1726969112460,BTCUSD_PERP,bid,62600,680.56
1726969112563,BTCUSD_PERP,bid,62600,742.6
1726969451440,BTCUSD_PERP,bid,62600,680.56
1726969451643,BTCUSD_PERP,bid,62600,619.15
1726969451956,BTCUSD_PERP,bid,62600,557.11
1726969452160,BTCUSD_PERP,bid,62600,495.07
1726969452568,BTCUSD_PERP,bid,62600,618.21
1726969452674,BTCUSD_PERP,bid,62600,680.22
1726969452777,BTCUSD_PERP,bid,62600,741.6
1726969452971,BTCUSD_PERP,bid,62600,802.98
1726969453183,BTCUSD_PERP,bid,62600,864.36
1726969453275,BTCUSD_PERP,bid,62600,925.74
1726969453378,BTCUSD_PERP,bid,62600,987.75
1726969453484,BTCUSD_PERP,bid,62600,1111.77
1726969493631,BTCUSD_PERP,bid,62600,1113.33
1726969495054,BTCUSD_PERP,bid,62600,1130.85
1726969497086,BTCUSD_PERP,bid,62600,1133.1
1726969614405,BTCUSD_PERP,bid,62600,1131.54
1726969615618,BTCUSD_PERP,bid,62600,1114.02
1726969617805,BTCUSD_PERP,bid,62600,1111.77
1726969679437,BTCUSD_PERP,ask,63800,506.91
1726969682083,BTCUSD_PERP,ask,63800,513.28
1726969683521,BTCUSD_PERP,ask,63800,519.65
1726969684105,BTCUSD_PERP,ask,63800,529.85
1726969685047,BTCUSD_PERP,ask,63800,540.05
1726969689704,BTCUSD_PERP,ask,63800,549.93
1726969697357,BTCUSD_PERP,ask,63800,560.13
1726969697594,BTCUSD_PERP,ask,63800,566.5
1726969698650,BTCUSD_PERP,ask,63800,576.7
1726969700443,BTCUSD_PERP,ask,63800,586.9
1726969702286,BTCUSD_PERP,ask,63800,597.1
1726969705507,BTCUSD_PERP,ask,63800,607.3
1726969705882,BTCUSD_PERP,ask,63800,628.35
1726969708966,BTCUSD_PERP,ask,63800,634.72
1726969710898,BTCUSD_PERP,ask,63800,641.09
1726969723263,BTCUSD_PERP,ask,63800,630.89
1726969723605,BTCUSD_PERP,ask,63800,641.09
1726969727717,BTCUSD_PERP,ask,63800,634.72
1726969728005,BTCUSD_PERP,ask,63800,641.09
1726969730736,BTCUSD_PERP,ask,63800,630.89
1726969730982,BTCUSD_PERP,ask,63800,641.09
1726969731568,BTCUSD_PERP,ask,63800,634.72
1726969731922,BTCUSD_PERP,ask,63800,641.09
1726969732654,BTCUSD_PERP,ask,63800,662.13
1726969733950,BTCUSD_PERP,ask,63800,651.93
1726969734194,BTCUSD_PERP,ask,63800,662.13
1726969742084,BTCUSD_PERP,ask,63800,655.76
1726969742405,BTCUSD_PERP,ask,63800,662.13
1726969744593,BTCUSD_PERP,ask,63800,651.93
1726969744935,BTCUSD_PERP,ask,63800,662.13
1726969745495,BTCUSD_PERP,ask,63800,651.93
1726969745805,BTCUSD_PERP,ask,63800,662.13
1726969749916,BTCUSD_PERP,ask,63800,652.25
1726969750217,BTCUSD_PERP,ask,63800,662.13
1726969757849,BTCUSD_PERP,ask,63800,651.93
1726969758175,BTCUSD_PERP,ask,63800,662.13
1726969759038,BTCUSD_PERP,ask,63800,651.93
1726969760505,BTCUSD_PERP,ask,63800,641.73
1726969760778,BTCUSD_PERP,ask,63800,662.13
1726969762692,BTCUSD_PERP,ask,63800,651.93
1726969762998,BTCUSD_PERP,ask,63800,662.13
1726969765961,BTCUSD_PERP,ask,63800,651.93
1726969782148,BTCUSD_PERP,ask,63800,624.51
1726969783705,BTCUSD_PERP,ask,63800,614.31
1726969788465,BTCUSD_PERP,ask,63800,607.94
1726969791281,BTCUSD_PERP,ask,63800,597.74
1726969791998,BTCUSD_PERP,ask,63800,591.37
1726969794526,BTCUSD_PERP,ask,63800,581.17
1726969795106,BTCUSD_PERP,ask,63800,574.8
1726969802871,BTCUSD_PERP,ask,63800,568.43
1726969805301,BTCUSD_PERP,ask,63800,558.23
1726969805810,BTCUSD_PERP,bid,62600,1049.25
1726969805810,BTCUSD_PERP,ask,63800,548.03
1726969806011,BTCUSD_PERP,bid,62600,1111.23
1726969806115,BTCUSD_PERP,ask,63800,526.98
1726969810682,BTCUSD_PERP,ask,63800,517.1
1726969810886,BTCUSD_PERP,ask,63800,510.73
1726969810991,BTCUSD_PERP,ask,63800,504.36
1726969818335,BTCUSD_PERP,ask,63800,494.16
1726969821005,BTCUSD_PERP,ask,63800,483.96
1726969821220,BTCUSD_PERP,ask,63800,473.76
1726969826499,BTCUSD_PERP,ask,63800,499.36
1726969830204,BTCUSD_PERP,ask,63800,509.56
1726969834660,BTCUSD_PERP,ask,63800,530.59
1726969871120,BTCUSD_PERP,ask,63800,520.71
1726969872583,BTCUSD_PERP,bid,62600,679.89
1726969872677,BTCUSD_PERP,bid,62500,802.16
1726969872786,BTCUSD_PERP,bid,62500,925.42
1726969872888,BTCUSD_PERP,bid,62500,987.37
1726969878628,BTCUSD_PERP,ask,63800,510.51
1726969881605,BTCUSD_PERP,ask,63800,500.31
1726969883405,BTCUSD_PERP,ask,63800,490.11
1726969883812,BTCUSD_PERP,ask,63800,479.91
1726970231277,BTCUSD_PERP,bid,62500,740.85
1726970231375,BTCUSD_PERP,bid,62500,863.68
1726970231474,BTCUSD_PERP,bid,62500,1110.08
1726970267069,BTCUSD_PERP,bid,62500,863.04
1726970267168,BTCUSD_PERP,bid,62500,862.54
1726970267268,BTCUSD_PERP,bid,62500,985.67
1726970267371,BTCUSD_PERP,bid,62500,1047.55
1726970299481,BTCUSD_PERP,bid,62500,985.67
1726970299778,BTCUSD_PERP,bid,62500,924.42
1726970299890,BTCUSD_PERP,bid,62500,863.17
1726970299995,BTCUSD_PERP,bid,62500,801.29
1726970502307,BTCUSD_PERP,bid,62500,493.15
1726970502406,BTCUSD_PERP,bid,62500,739.85
1726970502507,BTCUSD_PERP,bid,62500,863.69
1726970502715,BTCUSD_PERP,bid,62500,925.61
1726970576158,BTCUSD_PERP,bid,62500,801.77
1726970576256,BTCUSD_PERP,bid,62500,739.85
1726970714179,BTCUSD_PERP,bid,62500,554.73
1726970714279,BTCUSD_PERP,bid,62500,678.24
1726970714373,BTCUSD_PERP,bid,62500,863.27
1726970714481,BTCUSD_PERP,bid,62500,925.16
1726970807573,BTCUSD_PERP,bid,62500,555.1
1726970807675,BTCUSD_PERP,bid,62400,800.9
1726970807879,BTCUSD_PERP,bid,62400,862.75
1726971050295,BTCUSD_PERP,bid,62400,862.19
1726971050396,BTCUSD_PERP,bid,62400,924.0
1726971065684,BTCUSD_PERP,ask,63600,480.41
1726971066106,BTCUSD_PERP,ask,63600,486.75
1726971068118,BTCUSD_PERP,ask,63600,496.92
1726971073325,BTCUSD_PERP,ask,63600,507.09
1726971074772,BTCUSD_PERP,ask,63600,513.43
1726971076115,BTCUSD_PERP,ask,63600,534.41
1726971077846,BTCUSD_PERP,ask,63600,544.58
1726971083353,BTCUSD_PERP,ask,63600,554.43
1726971117244,BTCUSD_PERP,ask,63600,564.59
1726971122050,BTCUSD_PERP,ask,63600,558.25
1726971122359,BTCUSD_PERP,ask,63600,564.59
1726971123072,BTCUSD_PERP,ask,63600,554.42
1726971123378,BTCUSD_PERP,ask,63600,564.59
1726971124187,BTCUSD_PERP,bid,62400,739.47
1726971124387,BTCUSD_PERP,bid,62400,801.25
1726971125606,BTCUSD_PERP,ask,63600,558.25
1726971126629,BTCUSD_PERP,ask,63600,548.08
1726971128556,BTCUSD_PERP,ask,63600,537.91
1726971133905,BTCUSD_PERP,ask,63600,527.74
1726971134978,BTCUSD_PERP,ask,63600,521.4
1726971138301,BTCUSD_PERP,ask,63600,511.23
1726971143830,BTCUSD_PERP,ask,63600,501.38
1726971215640,BTCUSD_PERP,bid,62300,553.77
1726971226164,BTCUSD_PERP,bid,62300,552.76
1726971226248,BTCUSD_PERP,bid,62300,860.68
1726971226370,BTCUSD_PERP,bid,62300,922.39
1726971267333,BTCUSD_PERP,bid,62300,737.89
1726971267538,BTCUSD_PERP,bid,62300,491.92
1726971377972,BTCUSD_PERP,bid,62400,492.85
1726971378307,BTCUSD_PERP,bid,62400,553.99
1726971378531,BTCUSD_PERP,bid,62400,738.69
1726971378651,BTCUSD_PERP,bid,62400,800.47
1726971378972,BTCUSD_PERP,bid,62400,923.4
1726971379082,BTCUSD_PERP,bid,62400,985.18
1726971385153,BTCUSD_PERP,bid,62400,985.33
1726971392793,BTCUSD_PERP,ask,63600,472.03
1726971397004,BTCUSD_PERP,ask,63600,482.2
1726971399993,BTCUSD_PERP,ask,63600,492.37
1726971400705,BTCUSD_PERP,ask,63600,471.58
1726971402490,BTCUSD_PERP,ask,63600,492.56
1726971420514,BTCUSD_PERP,ask,63600,502.72
1726971425362,BTCUSD_PERP,ask,63600,509.07
1726971426105,BTCUSD_PERP,ask,63600,515.42
1726971426556,BTCUSD_PERP,ask,63600,525.59
1726971428394,BTCUSD_PERP,ask,63600,531.94
1726971431315,BTCUSD_PERP,ask,63600,542.11
1726971438241,BTCUSD_PERP,ask,63600,552.28
1726971438347,BTCUSD_PERP,ask,63600,558.63
1726971441504,BTCUSD_PERP,ask,63600,568.8
1726971441593,BTCUSD_PERP,ask,63600,578.97
1726971446605,BTCUSD_PERP,ask,63600,588.82
1726971446854,BTCUSD_PERP,ask,63600,598.99
1726971452918,BTCUSD_PERP,ask,63600,588.82
1726971457306,BTCUSD_PERP,ask,63600,578.65
1726971460015,BTCUSD_PERP,ask,63600,568.48
1726971476628,BTCUSD_PERP,ask,63600,505.47
1726971480560,BTCUSD_PERP,ask,63600,495.31
1726971485679,BTCUSD_PERP,ask,63600,488.96
1726971487001,BTCUSD_PERP,ask,63600,478.79
1726971488914,BTCUSD_PERP,ask,63600,472.44
1726971489120,BTCUSD_PERP,bid,62400,799.99
1726971489221,BTCUSD_PERP,bid,62400,738.32
1726971489424,BTCUSD_PERP,bid,62400,615.4
1726971490740,BTCUSD_PERP,bid,62300,492.03
1726971490840,BTCUSD_PERP,bid,62300,553.14
1726971490943,BTCUSD_PERP,bid,62300,614.88
1726971491966,BTCUSD_PERP,bid,62300,615.03
1726971550549,BTCUSD_PERP,bid,62300,553.29
1726971551255,BTCUSD_PERP,bid,62300,492.31
1726971551457,BTCUSD_PERP,bid,62300,553.39
1726971551664,BTCUSD_PERP,bid,62300,738.52
1726971551765,BTCUSD_PERP,bid,62300,984.1
1726971671905,BTCUSD_PERP,bid,62300,615.41
1726971672005,BTCUSD_PERP,bid,62300,677.15
1726971672217,BTCUSD_PERP,bid,62300,800.63
1726971672528,BTCUSD_PERP,bid,62300,923.48
1726971672631,BTCUSD_PERP,bid,62300,984.59
1726971672930,BTCUSD_PERP,bid,62300,986.83
1726971730193,BTCUSD_PERP,bid,62300,925.09
1726971730299,BTCUSD_PERP,bid,62300,679.39
1726971730502,BTCUSD_PERP,bid,62300,494.17
1726971730502,BTCUSD_PERP,bid,62400,554.04
1726971730601,BTCUSD_PERP,bid,62400,676.96
1726971730806,BTCUSD_PERP,bid,62400,799.77
1726971731116,BTCUSD_PERP,bid,62400,984.45
1726971731318,BTCUSD_PERP,bid,62400,1107.36
1726971731413,BTCUSD_PERP,bid,62400,1169.13
1726971732034,BTCUSD_PERP,bid,62400,1230.9
1726971844611,BTCUSD_PERP,bid,62400,1107.99
1726971844707,BTCUSD_PERP,bid,62400,985.08
1726971844907,BTCUSD_PERP,bid,62400,861.54
1726971845115,BTCUSD_PERP,bid,62400,800.4
1726971845415,BTCUSD_PERP,bid,62400,738.63
1726971845512,BTCUSD_PERP,bid,62400,676.86
1726971845512,BTCUSD_PERP,bid,62400,554.38
1726971845613,BTCUSD_PERP,bid,62400,615.72
1726971845613,BTCUSD_PERP,bid,62400,615.55
1726971845710,BTCUSD_PERP,bid,62400,677.36
1726971845813,BTCUSD_PERP,bid,62400,739.17
1726971845905,BTCUSD_PERP,bid,62400,862.79
1726971846123,BTCUSD_PERP,bid,62400,924.6
1726971846205,BTCUSD_PERP,bid,62400,986.41
1726971846331,BTCUSD_PERP,bid,62400,1048.11
1726971846441,BTCUSD_PERP,bid,62400,1109.28
1726971846549,BTCUSD_PERP,bid,62400,1170.45
1726971968420,BTCUSD_PERP,bid,62400,1108.64
1726971968621,BTCUSD_PERP,bid,62400,985.66
1726971968727,BTCUSD_PERP,bid,62400,862.68
1726971968929,BTCUSD_PERP,bid,62400,800.87
1726971969132,BTCUSD_PERP,bid,62400,739.7
1726971969237,BTCUSD_PERP,bid,62300,553.42
1726971969237,BTCUSD_PERP,bid,62400,616.71
1726971969438,BTCUSD_PERP,bid,62300,615.19
1726971969438,BTCUSD_PERP,bid,62400,554.9
1726971969533,BTCUSD_PERP,bid,62300,676.96
1726971969533,BTCUSD_PERP,bid,62400,493.09
1726971969740,BTCUSD_PERP,bid,62300,738.73
1726971969842,BTCUSD_PERP,bid,62300,800.5
1726971969940,BTCUSD_PERP,bid,62300,861.64
1726971970055,BTCUSD_PERP,bid,62300,923.3
1726971970251,BTCUSD_PERP,bid,62300,985.07
1726971970347,BTCUSD_PERP,bid,62300,1046.84
1726971970442,BTCUSD_PERP,bid,62300,1169.75
1726972053384,BTCUSD_PERP,bid,62300,1107.98
1726972053584,BTCUSD_PERP,bid,62300,984.55
1726972053687,BTCUSD_PERP,bid,62300,861.01
1726972053796,BTCUSD_PERP,bid,62300,738.1
1726972054020,BTCUSD_PERP,bid,62300,676.96
1726972054339,BTCUSD_PERP,bid,62300,615.19
1726972054430,BTCUSD_PERP,bid,62300,553.42
1726972054644,BTCUSD_PERP,bid,62300,492.28
1726972054644,BTCUSD_PERP,bid,62400,492.51
1726972054745,BTCUSD_PERP,bid,62400,554.31
1726972054848,BTCUSD_PERP,bid,62400,616.11
1726972055255,BTCUSD_PERP,bid,62400,739.08
1726972055361,BTCUSD_PERP,bid,62400,862.05
1726972055466,BTCUSD_PERP,bid,62400,985.02
1726972272291,BTCUSD_PERP,bid,62300,1107.97
1726972433322,BTCUSD_PERP,bid,62300,1046.2
1726972433421,BTCUSD_PERP,bid,62300,923.29
1726972433627,BTCUSD_PERP,bid,62300,861.52
1726972433728,BTCUSD_PERP,bid,62300,492.64
1726972433728,BTCUSD_PERP,bid,62300,615.07
1726972433830,BTCUSD_PERP,bid,62300,615.49
1726972433935,BTCUSD_PERP,bid,62300,677.23
1726972433935,BTCUSD_PERP,bid,62300,553.3
1726972434240,BTCUSD_PERP,bid,62300,800.6
1726972533167,BTCUSD_PERP,bid,62300,739.49
1726972533675,BTCUSD_PERP,bid,62300,677.75
1726972533783,BTCUSD_PERP,bid,62300,493.17
1726972533783,BTCUSD_PERP,bid,62300,492.27
1726972533877,BTCUSD_PERP,bid,62300,554.04
1726972533984,BTCUSD_PERP,bid,62300,615.81
1726972534386,BTCUSD_PERP,bid,62300,738.09
1726972534798,BTCUSD_PERP,bid,62300,861.52
1726972534898,BTCUSD_PERP,bid,62300,1046.83
1726972534996,BTCUSD_PERP,bid,62300,1108.6
1726972535099,BTCUSD_PERP,bid,62300,1230.88
1726973032964,BTCUSD_PERP,bid,62300,985.06
1726973033065,BTCUSD_PERP,bid,62300,861.52
1726973033469,BTCUSD_PERP,bid,62300,677.11
1726973033574,BTCUSD_PERP,bid,62300,738.85
1726973034274,BTCUSD_PERP,bid,62300,491.38
1726973060338,BTCUSD_PERP,bid,62300,492.16
1726973060736,BTCUSD_PERP,bid,62300,615.7
1726973060940,BTCUSD_PERP,bid,62300,677.47
1726973061143,BTCUSD_PERP,bid,62300,738.61
1726973061353,BTCUSD_PERP,bid,62300,922.66
1726973191712,BTCUSD_PERP,bid,62300,860.89
1726973191915,BTCUSD_PERP,bid,62300,799.12
1726973192120,BTCUSD_PERP,bid,62300,737.98
1726973192530,BTCUSD_PERP,bid,62300,676.21
1726973192635,BTCUSD_PERP,bid,62300,492.16
1726973192735,BTCUSD_PERP,bid,62300,553.75
1726973192935,BTCUSD_PERP,bid,62300,676.6
1726973193142,BTCUSD_PERP,bid,62300,738.23
1726973193343,BTCUSD_PERP,bid,62300,799.33
1726973193444,BTCUSD_PERP,bid,62300,922.17
1726973193549,BTCUSD_PERP,bid,62300,983.27
1726973193643,BTCUSD_PERP,bid,62300,1045.01
1726973193853,BTCUSD_PERP,bid,62300,1106.75
1726973427081,BTCUSD_PERP,bid,62300,799.44
1726973427183,BTCUSD_PERP,bid,62300,1045.02
1726973427392,BTCUSD_PERP,bid,62300,1106.72
1726973496853,BTCUSD_PERP,bid,62300,983.27
1726973496954,BTCUSD_PERP,bid,62300,1168.49
1726973497048,BTCUSD_PERP,bid,62300,539.1
1726973497048,BTCUSD_PERP,bid,62300,1230.23
1726973543660,BTCUSD_PERP,bid,62300,1106.75
1726973543868,BTCUSD_PERP,bid,62300,1045.01
1726973543967,BTCUSD_PERP,bid,62300,983.27
1726973544070,BTCUSD_PERP,bid,62300,922.17
1726973544172,BTCUSD_PERP,bid,62300,860.43
1726973544274,BTCUSD_PERP,bid,62300,798.69
1726973544375,BTCUSD_PERP,bid,62300,737.59
1726973544578,BTCUSD_PERP,bid,62300,676.49
1726973544679,BTCUSD_PERP,bid,62300,491.9
1726973544778,BTCUSD_PERP,bid,62300,491.6
1726973544884,BTCUSD_PERP,bid,62300,552.73
1726973544986,BTCUSD_PERP,bid,62300,614.5
1726973545099,BTCUSD_PERP,bid,62300,676.27
1726973545195,BTCUSD_PERP,bid,62300,738.04
1726973545296,BTCUSD_PERP,bid,62300,799.17
1726973545401,BTCUSD_PERP,bid,62300,860.83
1726973545504,BTCUSD_PERP,bid,62300,922.6
1726973728123,BTCUSD_PERP,bid,62300,860.83
1726973728225,BTCUSD_PERP,bid,62300,799.06
1726973728328,BTCUSD_PERP,bid,62300,737.93
1726973728428,BTCUSD_PERP,bid,62300,676.8
1726973728530,BTCUSD_PERP,bid,62300,553.26
1726973728834,BTCUSD_PERP,bid,62300,492.13
1726973729036,BTCUSD_PERP,bid,62400,492.51
1726973729347,BTCUSD_PERP,bid,62400,677.17
1726973729448,BTCUSD_PERP,bid,62400,738.97
1726973729546,BTCUSD_PERP,bid,62400,800.77
1726973729646,BTCUSD_PERP,bid,62400,862.57
1726973729959,BTCUSD_PERP,bid,62300,539.7
1726973729959,BTCUSD_PERP,bid,62400,986.17
1726973730055,BTCUSD_PERP,bid,62400,1047.34
1726974250694,BTCUSD_PERP,bid,62400,738.97
1726974250792,BTCUSD_PERP,bid,62300,487.52
1726974250792,BTCUSD_PERP,bid,62400,1047.98
1726974250897,BTCUSD_PERP,bid,62300,548.61
1726974250897,BTCUSD_PERP,bid,62400,1109.82
1726974250994,BTCUSD_PERP,bid,62400,539.98
1726974252839,BTCUSD_PERP,bid,62300,560.95
1726974259461,BTCUSD_PERP,bid,62300,585.85
1726974279003,BTCUSD_PERP,bid,62400,986.89
1726974279110,BTCUSD_PERP,bid,62300,524.76
1726974279209,BTCUSD_PERP,bid,62400,925.68
1726974279313,BTCUSD_PERP,bid,62400,863.84
1726974279521,BTCUSD_PERP,bid,62400,802.0
1726974279619,BTCUSD_PERP,bid,62400,740.16
1726974279820,BTCUSD_PERP,bid,62400,678.32
1726974280025,BTCUSD_PERP,bid,62400,616.48
1726974280129,BTCUSD_PERP,bid,62400,554.64
1726974281051,BTCUSD_PERP,bid,62500,571.72
1726974344358,BTCUSD_PERP,bid,62500,509.84
1726974345173,BTCUSD_PERP,bid,62500,506.42
1726974395256,BTCUSD_PERP,bid,62500,494.1
1726974395356,BTCUSD_PERP,bid,62500,617.31
1726974395458,BTCUSD_PERP,bid,62500,679.23
1726974399087,BTCUSD_PERP,bid,62500,617.31
1726974399596,BTCUSD_PERP,bid,62500,555.39
1726974399900,BTCUSD_PERP,bid,62500,493.47
1726974410875,BTCUSD_PERP,bid,62600,988.06
1726974410973,BTCUSD_PERP,bid,62600,1173.42
1726974411072,BTCUSD_PERP,bid,62600,1235.42
1726974447754,BTCUSD_PERP,bid,62500,617.78
1726974447866,BTCUSD_PERP,bid,62500,1110.87
1726974447988,BTCUSD_PERP,bid,62500,540.96
1726974447988,BTCUSD_PERP,bid,62500,1172.84
1726974869616,BTCUSD_PERP,bid,62500,494.53
1726974869751,BTCUSD_PERP,bid,62500,1111.51
1726974870265,BTCUSD_PERP,bid,62500,1049.65
1726974870467,BTCUSD_PERP,bid,62500,987.68
1726974870676,BTCUSD_PERP,bid,62500,926.35
1726974870775,BTCUSD_PERP,bid,62500,803.69
1726974870875,BTCUSD_PERP,bid,62500,617.78
1726974870977,BTCUSD_PERP,bid,62500,556.45
1726974870977,BTCUSD_PERP,bid,62600,494.32
1726974871080,BTCUSD_PERP,bid,62500,494.48
1726974871080,BTCUSD_PERP,bid,62600,555.71
1726974871279,BTCUSD_PERP,bid,62600,617.74
1726974871381,BTCUSD_PERP,bid,62600,865.86
1726974871480,BTCUSD_PERP,bid,62600,927.25
1726974871571,BTCUSD_PERP,bid,62600,1051.31
1726974871684,BTCUSD_PERP,bid,62500,495.01
1726974871684,BTCUSD_PERP,bid,62600,1112.7
1726975030068,BTCUSD_PERP,bid,62600,741.16
1726975030164,BTCUSD_PERP,bid,62600,988.06
1726975030274,BTCUSD_PERP,bid,62600,1050.05
1726975030378,BTCUSD_PERP,bid,62600,1112.04
1726975051889,BTCUSD_PERP,bid,62600,1050.68
1726975051985,BTCUSD_PERP,bid,62600,988.69
1726975052089,BTCUSD_PERP,bid,62500,556.25
1726975052171,BTCUSD_PERP,bid,62500,988.05
1726975052295,BTCUSD_PERP,bid,62500,1050.01
1726975089489,BTCUSD_PERP,bid,62500,802.81
1726975089597,BTCUSD_PERP,bid,62500,741.49
1726975089697,BTCUSD_PERP,bid,62500,680.17
1726975089796,BTCUSD_PERP,bid,62500,618.21
1726975089889,BTCUSD_PERP,bid,62500,556.25
1726975089889,BTCUSD_PERP,bid,62600,494.08
1726975090000,BTCUSD_PERP,bid,62500,494.29
1726975090105,BTCUSD_PERP,bid,62600,556.08
1726975090613,BTCUSD_PERP,bid,62600,679.34
1726975090815,BTCUSD_PERP,bid,62600,741.34
1726975090918,BTCUSD_PERP,bid,62600,803.34
1726975091017,BTCUSD_PERP,bid,62600,926.7
1726975091226,BTCUSD_PERP,bid,62600,1050.06
1726975276843,BTCUSD_PERP,bid,62600,864.7
1726975276945,BTCUSD_PERP,bid,62600,679.98
1726975277151,BTCUSD_PERP,bid,62600,618.62
1726975277251,BTCUSD_PERP,bid,62600,494.62
1726975277251,BTCUSD_PERP,bid,62600,493.68
1726975277347,BTCUSD_PERP,bid,62600,555.71
1726975277453,BTCUSD_PERP,bid,62600,617.63
1726975277560,BTCUSD_PERP,bid,62600,741.69
1726975277662,BTCUSD_PERP,bid,62600,803.08
1726975277758,BTCUSD_PERP,bid,62600,865.11
1726975278174,BTCUSD_PERP,bid,62600,988.54
1726975278269,BTCUSD_PERP,bid,62600,1050.57
1726975281994,BTCUSD_PERP,bid,62600,1062.77
1726975305001,BTCUSD_PERP,bid,62600,1062.92
1726975396914,BTCUSD_PERP,bid,62600,864.14
1726975397004,BTCUSD_PERP,bid,62600,988.14
1726975397113,BTCUSD_PERP,bid,62600,1050.14
1726975717545,BTCUSD_PERP,bid,62600,864.14
1726975717646,BTCUSD_PERP,bid,62500,679.22
1726975717754,BTCUSD_PERP,bid,62500,802.51
1726975973545,BTCUSD_PERP,bid,62500,679.22
1726975973642,BTCUSD_PERP,bid,62500,617.89
1726975973857,BTCUSD_PERP,bid,62500,555.93
1726975974061,BTCUSD_PERP,bid,62500,493.97
1726975974375,BTCUSD_PERP,bid,62600,494.2
1726975974488,BTCUSD_PERP,bid,62600,556.21
1726975974582,BTCUSD_PERP,bid,62600,618.22
1726975974694,BTCUSD_PERP,bid,62600,741.61
1726975974905,BTCUSD_PERP,bid,62600,865.0
1726975975106,BTCUSD_PERP,bid,62600,927.01
1726975975218,BTCUSD_PERP,bid,62600,988.39
1726975975325,BTCUSD_PERP,bid,62500,540.93
1726975975325,BTCUSD_PERP,bid,62600,1173.16
1726975975414,BTCUSD_PERP,bid,62500,602.88
1726975975414,BTCUSD_PERP,bid,62600,1235.07
1726975975533,BTCUSD_PERP,bid,62600,1297.08
1726976015247,BTCUSD_PERP,bid,62600,1309.28
1726976082566,BTCUSD_PERP,bid,62600,1326.8
1726976092557,BTCUSD_PERP,bid,62600,1329.05
1726976093504,BTCUSD_PERP,bid,62600,1330.61
1726976116219,BTCUSD_PERP,bid,62600,775.04
1726976116315,BTCUSD_PERP,bid,62500,540.7
1726976116315,BTCUSD_PERP,bid,62600,1173.1
1726976116418,BTCUSD_PERP,bid,62500,602.57
1726976116524,BTCUSD_PERP,bid,62600,1296.43
1726976208338,BTCUSD_PERP,bid,62600,1234.45
1726976208443,BTCUSD_PERP,bid,62500,540.67
1726976208752,BTCUSD_PERP,bid,62600,1173.1
1726976208850,BTCUSD_PERP,bid,62600,1111.23
1726976208957,BTCUSD_PERP,bid,62600,863.94
1726976209264,BTCUSD_PERP,bid,62600,802.59
1726976209373,BTCUSD_PERP,bid,62500,493.58
1726976209472,BTCUSD_PERP,bid,62500,616.84
1726976209579,BTCUSD_PERP,bid,62500,540.37
1726976209579,BTCUSD_PERP,bid,62500,616.94
1726976209781,BTCUSD_PERP,bid,62500,678.79
1726976213130,BTCUSD_PERP,bid,62500,681.03
1726976214242,BTCUSD_PERP,bid,62500,682.59
1726976333420,BTCUSD_PERP,bid,62500,680.35
1726976334538,BTCUSD_PERP,bid,62500,678.79
1726976405752,BTCUSD_PERP,bid,62500,617.48
1726976405853,BTCUSD_PERP,bid,62500,555.53
1726976406189,BTCUSD_PERP,bid,62500,554.99
1726976406292,BTCUSD_PERP,bid,62500,493.68
1726976406396,BTCUSD_PERP,bid,62500,493.4
1726976406596,BTCUSD_PERP,bid,62500,739.78
1726976406703,BTCUSD_PERP,bid,62500,801.06
1726976406800,BTCUSD_PERP,bid,62400,540.06
1726976406897,BTCUSD_PERP,bid,62400,601.91
1726976406897,BTCUSD_PERP,bid,62500,862.97
1726976407105,BTCUSD_PERP,bid,62500,924.88
1726976407216,BTCUSD_PERP,bid,62500,1048.6
1726976407305,BTCUSD_PERP,bid,62500,1109.88
1726976407428,BTCUSD_PERP,bid,62500,1171.79
1726976407669,BTCUSD_PERP,bid,62500,1233.7
1726976407773,BTCUSD_PERP,bid,62500,1294.99
1726977074911,BTCUSD_PERP,bid,62500,1047.98
1726977075014,BTCUSD_PERP,bid,62400,493.67
1726977075014,BTCUSD_PERP,bid,62500,986.07
1726977075117,BTCUSD_PERP,bid,62500,924.16
1726977075314,BTCUSD_PERP,bid,62500,862.88
1726977075417,BTCUSD_PERP,bid,62500,677.78
1726977075722,BTCUSD_PERP,bid,62500,554.59
1726977075820,BTCUSD_PERP,bid,62500,492.68
1726977075820,BTCUSD_PERP,bid,62500,493.68
1726977075927,BTCUSD_PERP,bid,62500,554.99
1726977076025,BTCUSD_PERP,bid,62500,678.25
1726977076129,BTCUSD_PERP,bid,62500,740.09
1726977076335,BTCUSD_PERP,bid,62500,802.04
1726977833242,BTCUSD_PERP,bid,62500,616.83
1726977833449,BTCUSD_PERP,bid,62500,554.88
1726977833653,BTCUSD_PERP,bid,62600,555.9
1726977833753,BTCUSD_PERP,bid,62600,741.73
1726977833959,BTCUSD_PERP,bid,62600,864.41
1726977834262,BTCUSD_PERP,bid,62600,926.39
1726977834361,BTCUSD_PERP,bid,62600,1050.35
1726977834567,BTCUSD_PERP,bid,62600,1111.69
1726978221969,BTCUSD_PERP,bid,62600,494.45
1726978222065,BTCUSD_PERP,bid,62500,1111.15
1726979222262,BTCUSD_PERP,bid,62500,1049.84
1726979222368,BTCUSD_PERP,bid,62500,988.53
1726979222467,BTCUSD_PERP,bid,62500,865.91
1726979222604,BTCUSD_PERP,bid,62500,804.6
1726979223371,BTCUSD_PERP,bid,62500,743.29
1726979401945,BTCUSD_PERP,bid,62500,681.34
1726979402152,BTCUSD_PERP,bid,62500,557.44
1726979402767,BTCUSD_PERP,bid,62600,495.73
1726979403905,BTCUSD_PERP,bid,62600,554.76
1726979404122,BTCUSD_PERP,bid,62600,616.12
1726979404206,BTCUSD_PERP,bid,62600,677.48
1726979436405,BTCUSD_PERP,bid,62600,689.67
1726979465204,BTCUSD_PERP,bid,62600,707.18
1726979476438,BTCUSD_PERP,bid,62600,709.43
1726979477668,BTCUSD_PERP,bid,62600,710.99
1726979556881,BTCUSD_PERP,bid,62600,698.8
1726979585502,BTCUSD_PERP,bid,62600,681.29
1726979596704,BTCUSD_PERP,bid,62600,679.04
1726979598377,BTCUSD_PERP,bid,62600,677.48
1726980043252,BTCUSD_PERP,bid,62600,495.98
1726980173494,BTCUSD_PERP,bid,62600,616.12
1726980176037,BTCUSD_PERP,bid,62600,677.81
1726980189174,BTCUSD_PERP,bid,62600,677.96
1726980190701,BTCUSD_PERP,bid,62600,695.48
1726980200904,BTCUSD_PERP,bid,62600,697.73
1726980203106,BTCUSD_PERP,bid,62600,699.29
1726980255920,BTCUSD_PERP,bid,62600,637.27
1726980256127,BTCUSD_PERP,bid,62600,575.88
1726980256382,BTCUSD_PERP,bid,62600,513.86
1726980256697,BTCUSD_PERP,bid,62600,493.25
1726980256912,BTCUSD_PERP,bid,62600,555.3
1726980257122,BTCUSD_PERP,bid,62600,617.35
1726980257221,BTCUSD_PERP,bid,62600,679.4
1726980257336,BTCUSD_PERP,bid,62600,741.45
1726980257442,BTCUSD_PERP,bid,62600,803.5
1726980257555,BTCUSD_PERP,bid,62600,864.92
1726980257657,BTCUSD_PERP,bid,62600,926.97
1726980257759,BTCUSD_PERP,bid,62600,989.02
1726980257827,BTCUSD_PERP,bid,62600,1050.44
1726980304740,BTCUSD_PERP,bid,62600,864.92
1726980304940,BTCUSD_PERP,bid,62600,864.5
1726980964605,BTCUSD_PERP,bid,62600,1111.38
1726981053331,BTCUSD_PERP,bid,62600,864.79
1726981053434,BTCUSD_PERP,bid,62400,482.81
1726981053434,BTCUSD_PERP,bid,62500,1048.63
1726981053744,BTCUSD_PERP,bid,62500,1110.58
1726981476512,BTCUSD_PERP,bid,62500,1048.63
1726981476813,BTCUSD_PERP,bid,62500,1048.27
1726981476914,BTCUSD_PERP,bid,62400,481.63
1726981513985,BTCUSD_PERP,bid,62500,986.98
1726981514078,BTCUSD_PERP,bid,62500,925.06
1726981514185,BTCUSD_PERP,bid,62500,863.25
1726981514284,BTCUSD_PERP,bid,62500,801.33
1726981514490,BTCUSD_PERP,bid,62500,739.41
1726981514587,BTCUSD_PERP,bid,62500,678.12
1726981514694,BTCUSD_PERP,bid,62500,616.2
1726981514992,BTCUSD_PERP,bid,62500,493.72
1726981514992,BTCUSD_PERP,bid,62500,492.99
1726981515098,BTCUSD_PERP,bid,62500,554.98
1726981515198,BTCUSD_PERP,bid,62500,739.38
1726981515299,BTCUSD_PERP,bid,62500,1109.42
1726981519083,BTCUSD_PERP,bid,62500,1126.9
1726981566817,BTCUSD_PERP,bid,62500,941.98
1726981566914,BTCUSD_PERP,bid,62400,496.61
1726981566914,BTCUSD_PERP,bid,62400,1047.0
1726981567019,BTCUSD_PERP,bid,62400,542.95
1726981567117,BTCUSD_PERP,bid,62400,604.69
1726981567117,BTCUSD_PERP,bid,62400,1108.85
1726981630554,BTCUSD_PERP,bid,62400,985.88
1726981630653,BTCUSD_PERP,bid,62400,924.03
1726981630754,BTCUSD_PERP,bid,62400,862.8
1726981631051,BTCUSD_PERP,bid,62400,801.57
1726981631266,BTCUSD_PERP,bid,62400,678.49
1726981631470,BTCUSD_PERP,bid,62400,616.64
1726981631675,BTCUSD_PERP,bid,62400,554.79
1726981631979,BTCUSD_PERP,bid,62500,555.15
1726981632304,BTCUSD_PERP,bid,62500,617.04
1726981632402,BTCUSD_PERP,bid,62500,740.82
1726981634305,BTCUSD_PERP,bid,62500,752.99
1726981640136,BTCUSD_PERP,bid,62500,770.47
1726981650868,BTCUSD_PERP,bid,62500,772.71
1726981651508,BTCUSD_PERP,bid,62500,774.27
1726981670042,BTCUSD_PERP,bid,62500,774.42
1726981675884,BTCUSD_PERP,bid,62500,774.57
1726981754606,BTCUSD_PERP,bid,62500,762.4
1726981760723,BTCUSD_PERP,bid,62500,744.92
1726981768669,BTCUSD_PERP,bid,62400,492.99
1726981768768,BTCUSD_PERP,bid,62400,678.57
1726981768978,BTCUSD_PERP,bid,62400,740.43
1726982054055,BTCUSD_PERP,bid,62400,554.58
1726982054154,BTCUSD_PERP,bid,62400,801.27
1726982054258,BTCUSD_PERP,bid,62400,863.1
1726982454396,BTCUSD_PERP,bid,62400,867.48
1726982589967,BTCUSD_PERP,bid,62400,863.1
1726983054432,BTCUSD_PERP,bid,62400,801.9
1726983054623,BTCUSD_PERP,bid,62400,740.7
1726983054861,BTCUSD_PERP,bid,62400,679.5
1726983055158,BTCUSD_PERP,bid,62400,618.3
1726983268482,BTCUSD_PERP,bid,62400,556.47
1726983269305,BTCUSD_PERP,bid,62400,494.64
1726983270105,BTCUSD_PERP,bid,62400,556.74
1726983270230,BTCUSD_PERP,bid,62400,618.6
1726983656804,BTCUSD_PERP,bid,62400,556.74
1726983657104,BTCUSD_PERP,bid,62400,556.38
1726983736273,BTCUSD_PERP,bid,62400,556.11
1726983736368,BTCUSD_PERP,bid,62400,617.9
1726984291057,BTCUSD_PERP,bid,62400,494.32
1726984291260,BTCUSD_PERP,bid,62300,494.08
1726984291367,BTCUSD_PERP,bid,62300,555.84
1726984602271,BTCUSD_PERP,bid,62400,617.27
1726984602377,BTCUSD_PERP,bid,62400,679.06
1726984605536,BTCUSD_PERP,bid,62400,679.21
1726984740288,BTCUSD_PERP,bid,62400,679.06
1726984905631,BTCUSD_PERP,bid,62400,617.27
1726984905735,BTCUSD_PERP,bid,62400,555.48
1726984905839,BTCUSD_PERP,bid,62400,493.69
1726984906653,BTCUSD_PERP,bid,62400,492.04
1726984906756,BTCUSD_PERP,bid,62400,615.68
1726984907058,BTCUSD_PERP,bid,62400,738.06
1726984907163,BTCUSD_PERP,bid,62400,861.07
1726984907368,BTCUSD_PERP,bid,62400,922.89
1726985906405,BTCUSD_PERP,bid,62400,861.7
1726985906505,BTCUSD_PERP,bid,62400,800.51
1726985906605,BTCUSD_PERP,bid,62400,739.32
1726985906814,BTCUSD_PERP,bid,62400,678.13
1726985907499,BTCUSD_PERP,bid,62400,616.94
1726985907607,BTCUSD_PERP,bid,62400,555.75
1726985908186,BTCUSD_PERP,bid,62400,494.56
1726985909959,BTCUSD_PERP,bid,62400,523.53
1726985911340,BTCUSD_PERP,bid,62400,523.68
1726985919587,BTCUSD_PERP,bid,62400,523.83
1726985990315,BTCUSD_PERP,bid,62400,506.37
1726985999244,BTCUSD_PERP,bid,62400,504.13
1726986002708,BTCUSD_PERP,bid,62400,502.59
1726986030205,BTCUSD_PERP,bid,62400,490.43
1726986097575,BTCUSD_PERP,bid,62400,490.28
1726986102352,BTCUSD_PERP,bid,62400,490.13
1726986116624,BTCUSD_PERP,bid,62400,489.98
1726986118532,BTCUSD_PERP,bid,62400,489.83
1726986120880,BTCUSD_PERP,bid,62400,489.68
1726986795641,BTCUSD_PERP,bid,62400,741.13
1726986795744,BTCUSD_PERP,bid,62400,802.95
1726986795941,BTCUSD_PERP,bid,62400,864.77
1726986868228,BTCUSD_PERP,bid,62400,802.95
1726986868431,BTCUSD_PERP,bid,62400,679.31
1726986868531,BTCUSD_PERP,bid,62400,617.6
1726986868734,BTCUSD_PERP,bid,62400,555.78
1726986869045,BTCUSD_PERP,bid,62400,493.57
1726986869248,BTCUSD_PERP,bid,62400,555.36
1726986869348,BTCUSD_PERP,bid,62400,740.73
1726986869556,BTCUSD_PERP,bid,62400,802.52
1726987100279,BTCUSD_PERP,bid,62400,740.73
1726987100486,BTCUSD_PERP,bid,62400,617.26
1726987100575,BTCUSD_PERP,bid,62400,556.11
1726987100890,BTCUSD_PERP,bid,62400,494.32
1726987101185,BTCUSD_PERP,bid,62300,493.27
1726987101494,BTCUSD_PERP,bid,62300,616.14
1726987101597,BTCUSD_PERP,bid,62300,677.89
1726987101697,BTCUSD_PERP,bid,62300,739.64
1726987101799,BTCUSD_PERP,bid,62300,801.39
1726987102111,BTCUSD_PERP,bid,62300,863.14
1726987102209,BTCUSD_PERP,bid,62300,924.89
1726987191071,BTCUSD_PERP,bid,62300,491.32
1726987191596,BTCUSD_PERP,bid,62300,552.42
1726987191905,BTCUSD_PERP,bid,62300,614.15
1726987198934,BTCUSD_PERP,bid,62300,631.59
1726987260075,BTCUSD_PERP,bid,62300,632.21
1726987319405,BTCUSD_PERP,bid,62300,614.77
1726987440695,BTCUSD_PERP,bid,62300,614.15
1726987714932,BTCUSD_PERP,bid,62300,491.0
1726987885135,BTCUSD_PERP,bid,62300,491.24
1726988725325,BTCUSD_PERP,bid,62300,491.56
1726991595106,BTCUSD_PERP,ask,63600,504.14
1726991601604,BTCUSD_PERP,ask,63600,514.31
1726991603659,BTCUSD_PERP,ask,63600,524.48
1726991603769,BTCUSD_PERP,ask,63600,530.83
1726991608904,BTCUSD_PERP,ask,63600,541.0
1726991609858,BTCUSD_PERP,ask,63600,547.35
1726991613603,BTCUSD_PERP,ask,63600,557.52
1726991621505,BTCUSD_PERP,ask,63600,567.69
1726991624797,BTCUSD_PERP,ask,63600,577.54
1726991630055,BTCUSD_PERP,ask,63600,583.89
1726991630851,BTCUSD_PERP,ask,63600,590.24
1726991631279,BTCUSD_PERP,ask,63600,600.41
1726991631379,BTCUSD_PERP,ask,63600,610.58
1726991635006,BTCUSD_PERP,ask,63600,620.75
1726991635239,BTCUSD_PERP,ask,63600,630.92
1726991639454,BTCUSD_PERP,ask,63600,651.9
1726991643878,BTCUSD_PERP,ask,63600,658.25
1726991646705,BTCUSD_PERP,ask,63600,668.42
1726991648000,BTCUSD_PERP,ask,63600,674.77
1726991662105,BTCUSD_PERP,ask,63600,664.6
1726991662679,BTCUSD_PERP,ask,63600,670.95
1726991663712,BTCUSD_PERP,ask,63600,660.78
1726991663868,BTCUSD_PERP,ask,63600,670.95
1726991664104,BTCUSD_PERP,ask,63600,681.12
1726991669505,BTCUSD_PERP,ask,63600,670.95
1726991669788,BTCUSD_PERP,ask,63600,681.12
1726991674001,BTCUSD_PERP,ask,63600,670.95
1726991674295,BTCUSD_PERP,ask,63600,681.12
1726991681805,BTCUSD_PERP,ask,63600,670.95
1726991682106,BTCUSD_PERP,ask,63600,681.12
1726991684351,BTCUSD_PERP,ask,63600,702.1
1726991685335,BTCUSD_PERP,ask,63600,692.25
1726991685710,BTCUSD_PERP,ask,63600,702.1
1726991687412,BTCUSD_PERP,ask,63600,723.08
1726991690169,BTCUSD_PERP,ask,63600,716.73
1726991690505,BTCUSD_PERP,ask,63600,723.08
1726991691318,BTCUSD_PERP,ask,63600,716.73
1726991691430,BTCUSD_PERP,ask,63600,706.56
1726991691555,BTCUSD_PERP,ask,63600,702.74
1726991691769,BTCUSD_PERP,ask,63600,723.08
1726991695324,BTCUSD_PERP,ask,63600,712.91
1726991695631,BTCUSD_PERP,ask,63600,702.74
1726991695936,BTCUSD_PERP,ask,63600,712.91
1726991702246,BTCUSD_PERP,ask,63600,706.56
1726991704078,BTCUSD_PERP,ask,63600,700.21
1726991704178,BTCUSD_PERP,ask,63600,693.86
1726991706805,BTCUSD_PERP,ask,63600,683.69
1726991724305,BTCUSD_PERP,ask,63600,663.35
1726991729993,BTCUSD_PERP,ask,63600,653.18
1726991731933,BTCUSD_PERP,ask,63600,632.2
1726991734441,BTCUSD_PERP,ask,63600,622.03
1726991742128,BTCUSD_PERP,ask,63600,611.86
1726991744822,BTCUSD_PERP,ask,63600,605.51
1726991745933,BTCUSD_PERP,ask,63600,595.66
1726991750844,BTCUSD_PERP,ask,63600,589.31
1726991752013,BTCUSD_PERP,ask,63600,579.14
1726991752125,BTCUSD_PERP,ask,63600,568.97
1726991752533,BTCUSD_PERP,ask,63600,562.62
1726991755469,BTCUSD_PERP,ask,63600,556.27
1726991756105,BTCUSD_PERP,ask,63600,546.1
1726991781131,BTCUSD_PERP,ask,63600,525.12
1726991785913,BTCUSD_PERP,ask,63600,504.14
1726991812874,BTCUSD_PERP,ask,63600,473.62
1726991812993,BTCUSD_PERP,ask,63600,483.78
1726991813488,BTCUSD_PERP,ask,63600,490.13
1726991816994,BTCUSD_PERP,ask,63600,500.29
1726991821070,BTCUSD_PERP,ask,63600,510.46
1726991825461,BTCUSD_PERP,ask,63600,516.81
1726991828527,BTCUSD_PERP,ask,63600,526.98
1726991833520,BTCUSD_PERP,ask,63600,547.95
1726991867232,BTCUSD_PERP,ask,63600,538.1
1726991871900,BTCUSD_PERP,ask,63600,531.75
1726991873023,BTCUSD_PERP,ask,63600,521.59
1726991873434,BTCUSD_PERP,ask,63600,511.43
1726991874044,BTCUSD_PERP,ask,63600,505.08
1726991877506,BTCUSD_PERP,ask,63600,494.92
1726991881364,BTCUSD_PERP,ask,63600,484.75
1726991885517,BTCUSD_PERP,ask,63600,478.4
1726992318333,BTCUSD_PERP,bid,62400,491.93
1726992409111,BTCUSD_PERP,bid,62400,493.48
1726992529743,BTCUSD_PERP,bid,62400,491.93
1726992576361,BTCUSD_PERP,bid,62400,492.2
1726993539916,BTCUSD_PERP,bid,62400,492.31
1726993544344,BTCUSD_PERP,bid,62400,492.46
1726993759246,BTCUSD_PERP,bid,62400,492.31
1726994051309,BTCUSD_PERP,ask,63600,472.43
1726994052981,BTCUSD_PERP,ask,63600,478.78
1726994053063,BTCUSD_PERP,ask,63600,488.95
1726994053739,BTCUSD_PERP,ask,63600,499.12
1726994054305,BTCUSD_PERP,ask,63600,505.47
1726994057445,BTCUSD_PERP,ask,63600,515.64
1726994057805,BTCUSD_PERP,ask,63600,525.81
1726994065821,BTCUSD_PERP,ask,63600,532.16
1726994069505,BTCUSD_PERP,ask,63600,538.51
1726994070404,BTCUSD_PERP,ask,63600,548.68
1726994083405,BTCUSD_PERP,ask,63600,538.51
1726994083689,BTCUSD_PERP,ask,63600,559.49
1726994085324,BTCUSD_PERP,ask,63600,569.66
1726994086715,BTCUSD_PERP,ask,63600,559.49
1726994087040,BTCUSD_PERP,ask,63600,569.66
1726994094587,BTCUSD_PERP,ask,63600,559.49
1726994094930,BTCUSD_PERP,ask,63600,569.66
1726994095700,BTCUSD_PERP,ask,63600,559.49
1726994096143,BTCUSD_PERP,ask,63600,569.66
1726994102569,BTCUSD_PERP,ask,63600,590.64
1726994104564,BTCUSD_PERP,ask,63600,580.47
1726994104889,BTCUSD_PERP,ask,63600,590.64
1726994107824,BTCUSD_PERP,ask,63600,580.79
1726994108050,BTCUSD_PERP,ask,63600,590.64
1726994110858,BTCUSD_PERP,ask,63600,596.99
1726994113121,BTCUSD_PERP,ask,63600,590.64
1726994113434,BTCUSD_PERP,ask,63600,596.99
1726994113560,BTCUSD_PERP,ask,63600,586.82
1726994113899,BTCUSD_PERP,ask,63600,596.99
1726994114190,BTCUSD_PERP,ask,63600,586.82
1726994114527,BTCUSD_PERP,ask,63600,596.99
1726994114738,BTCUSD_PERP,ask,63600,590.64
1726994115105,BTCUSD_PERP,ask,63600,596.99
1726994117707,BTCUSD_PERP,ask,63600,586.82
1726994117998,BTCUSD_PERP,ask,63600,576.65
1726994118207,BTCUSD_PERP,ask,63600,586.82
1726994119564,BTCUSD_PERP,ask,63600,596.99
1726994120667,BTCUSD_PERP,ask,63600,590.64
1726994120967,BTCUSD_PERP,ask,63600,596.99
1726994126004,BTCUSD_PERP,ask,63600,590.64
1726994126104,BTCUSD_PERP,ask,63600,596.99
1726994130405,BTCUSD_PERP,ask,63600,586.82
1726994130797,BTCUSD_PERP,ask,63600,596.99
1726994144978,BTCUSD_PERP,ask,63600,590.64
1726994145794,BTCUSD_PERP,ask,63600,580.47
1726994146099,BTCUSD_PERP,ask,63600,559.49
1726994147328,BTCUSD_PERP,ask,63600,549.32
1726994155834,BTCUSD_PERP,ask,63600,539.15
1726994156506,BTCUSD_PERP,ask,63600,528.98
1726994164951,BTCUSD_PERP,ask,63600,518.81
1726994168189,BTCUSD_PERP,ask,63600,508.96
1726994169104,BTCUSD_PERP,ask,63600,502.61
1726994173986,BTCUSD_PERP,ask,63600,496.26
1726994174293,BTCUSD_PERP,ask,63600,486.09
1726994174803,BTCUSD_PERP,ask,63600,475.92
1726995121813,BTCUSD_PERP,bid,62400,490.94
1726995930801,BTCUSD_PERP,bid,62400,554.3
1726995958624,BTCUSD_PERP,ask,63600,532.12
1726995972947,BTCUSD_PERP,ask,63600,511.34
1726995973172,BTCUSD_PERP,ask,63600,505.05
1726995978781,BTCUSD_PERP,ask,63500,479.11
1726996059012,BTCUSD_PERP,bid,62300,492.59
1726996059317,BTCUSD_PERP,bid,62300,677.16
1726996103552,BTCUSD_PERP,bid,62300,554.32
1726996103749,BTCUSD_PERP,bid,62300,615.13
1726996103866,BTCUSD_PERP,bid,62300,676.83
1726996374041,BTCUSD_PERP,bid,62300,615.75
1726996374139,BTCUSD_PERP,bid,62300,554.05
1726996374239,BTCUSD_PERP,bid,62300,492.35
1726996375866,BTCUSD_PERP,bid,62300,492.59
1726996376178,BTCUSD_PERP,bid,62300,616.05
1726996971794,BTCUSD_PERP,ask,63500,477.63
1726996971894,BTCUSD_PERP,ask,63500,483.97
1726996972129,BTCUSD_PERP,ask,63500,490.31
1726996972655,BTCUSD_PERP,ask,63500,500.46
1726996973199,BTCUSD_PERP,ask,63500,506.8
1726996974168,BTCUSD_PERP,ask,63500,516.95
1726996974803,BTCUSD_PERP,ask,63500,527.1
1726996988205,BTCUSD_PERP,ask,63500,537.25
1726996990822,BTCUSD_PERP,ask,63500,547.08
1726996992262,BTCUSD_PERP,ask,63500,568.02
1726996994148,BTCUSD_PERP,ask,63500,574.36
1726997001434,BTCUSD_PERP,ask,63500,584.51
1726997001851,BTCUSD_PERP,bid,47000,2388.5
1726997029905,BTCUSD_PERP,ask,63500,574.36
1726997032104,BTCUSD_PERP,ask,63500,568.02
1726997032207,BTCUSD_PERP,ask,63500,561.68
1726997032715,BTCUSD_PERP,ask,63500,551.53
1726997033525,BTCUSD_PERP,ask,63500,545.19
1726997034547,BTCUSD_PERP,ask,63500,535.04
1726997035056,BTCUSD_PERP,ask,63500,524.89
1726997048692,BTCUSD_PERP,ask,63500,514.74
1726997051241,BTCUSD_PERP,ask,63500,504.91
1726997057551,BTCUSD_PERP,ask,63500,483.98
1726997061812,BTCUSD_PERP,ask,63500,473.83
1726997146904,BTCUSD_PERP,bid,62200,491.9
1726997537533,BTCUSD_PERP,bid,62300,798.08
1726997537637,BTCUSD_PERP,bid,62300,921.46
1726997541805,BTCUSD_PERP,bid,62300,921.61
1726997544312,BTCUSD_PERP,bid,62300,921.76
1726997546928,BTCUSD_PERP,bid,62300,921.91
1726997547367,BTCUSD_PERP,bid,62300,922.06
1726997556605,BTCUSD_PERP,bid,62300,922.21
1726997563706,BTCUSD_PERP,bid,62300,934.34
1726997565305,BTCUSD_PERP,bid,62300,934.49
1726997612718,BTCUSD_PERP,bid,62300,872.8
1726997612830,BTCUSD_PERP,bid,62200,797.97
1726997612926,BTCUSD_PERP,bid,62200,859.62
1726997613017,BTCUSD_PERP,bid,62200,921.27
1726997613614,BTCUSD_PERP,bid,62200,982.3
1726997660524,BTCUSD_PERP,bid,62200,920.65
1726997660722,BTCUSD_PERP,bid,62200,798.61
1726997660823,BTCUSD_PERP,bid,62200,615.53
1726997660925,BTCUSD_PERP,bid,62200,554.5
1726997661128,BTCUSD_PERP,bid,62300,489.17
1726997661225,BTCUSD_PERP,bid,62300,550.87
1726997661329,BTCUSD_PERP,bid,62300,612.57
1726997661527,BTCUSD_PERP,bid,62300,735.97
1726997661732,BTCUSD_PERP,bid,62300,859.26
1726997661829,BTCUSD_PERP,bid,62300,920.96
1726997869125,BTCUSD_PERP,bid,62300,859.26
1726997869225,BTCUSD_PERP,bid,62300,798.19
1726997869422,BTCUSD_PERP,bid,62300,736.49
1726997869626,BTCUSD_PERP,bid,62300,674.79
1726997869934,BTCUSD_PERP,bid,62300,613.09
1726997870034,BTCUSD_PERP,bid,62300,551.5
1726997870235,BTCUSD_PERP,bid,62200,491.93
1726997870235,BTCUSD_PERP,bid,62300,490.44
1726997870541,BTCUSD_PERP,bid,62200,553.59
1726997870646,BTCUSD_PERP,bid,62200,614.63
1726997870750,BTCUSD_PERP,bid,62200,675.66
1726997870853,BTCUSD_PERP,bid,62200,736.7
1726998176112,BTCUSD_PERP,bid,62200,675.66
1726998176218,BTCUSD_PERP,bid,62200,614.62
1726998176417,BTCUSD_PERP,bid,62200,552.96
1726998177126,BTCUSD_PERP,bid,62200,491.17
1726998177330,BTCUSD_PERP,bid,62200,552.7
1726998177436,BTCUSD_PERP,bid,62200,613.7
1726998177537,BTCUSD_PERP,bid,62200,675.33
1726998177741,BTCUSD_PERP,bid,62200,736.34
1726998178961,BTCUSD_PERP,bid,62200,736.49
1726998220276,BTCUSD_PERP,bid,62100,489.81
1726998220375,BTCUSD_PERP,bid,62100,551.36
1726998233212,BTCUSD_PERP,bid,62100,489.81
1726998234258,BTCUSD_PERP,bid,62200,490.2
1726998234368,BTCUSD_PERP,bid,62200,612.76
1726998234572,BTCUSD_PERP,bid,62200,735.32
1726998234687,BTCUSD_PERP,bid,62200,796.29
1726998234795,BTCUSD_PERP,bid,62200,918.84
1726998234902,BTCUSD_PERP,bid,62200,1042.02
1726998266288,BTCUSD_PERP,bid,62100,489.89
1726998266493,BTCUSD_PERP,bid,62100,490.53
1726998906049,BTCUSD_PERP,bid,62100,550.79
1726998906457,BTCUSD_PERP,bid,62100,612.34
1726999001254,BTCUSD_PERP,bid,62100,551.42
1726999002495,BTCUSD_PERP,bid,62200,489.51
1726999002606,BTCUSD_PERP,bid,62200,551.09
1726999002906,BTCUSD_PERP,bid,62200,612.67
1726999133793,BTCUSD_PERP,bid,62200,490.73
1726999458972,BTCUSD_PERP,bid,62200,551.71
1726999459173,BTCUSD_PERP,bid,62200,490.76
1726999460609,BTCUSD_PERP,bid,62200,489.75
1726999460818,BTCUSD_PERP,bid,62200,612.97
1726999467594,BTCUSD_PERP,bid,62200,613.12
1726999676593,BTCUSD_PERP,bid,62200,612.97
1726999712104,BTCUSD_PERP,bid,62200,491.29
1726999712203,BTCUSD_PERP,bid,62200,552.25
1726999713738,BTCUSD_PERP,bid,62200,551.36
1726999713938,BTCUSD_PERP,bid,62200,551.08
1726999714145,BTCUSD_PERP,bid,62200,612.66
1726999728981,BTCUSD_PERP,ask,63400,479.72
1726999734811,BTCUSD_PERP,ask,63400,486.05
1726999735325,BTCUSD_PERP,ask,63400,496.18
1726999736135,BTCUSD_PERP,ask,63400,502.51
1726999737665,BTCUSD_PERP,ask,63400,512.64
1726999740318,BTCUSD_PERP,ask,63400,518.97
1726999743342,BTCUSD_PERP,ask,63400,529.1
1726999754550,BTCUSD_PERP,ask,63400,539.23
1726999754706,BTCUSD_PERP,ask,63400,560.13
1726999756871,BTCUSD_PERP,ask,63400,566.46
1726999758405,BTCUSD_PERP,ask,63400,576.59
1726999762824,BTCUSD_PERP,ask,63400,586.72
1726999768216,BTCUSD_PERP,ask,63400,607.62
1726999770430,BTCUSD_PERP,ask,63400,617.75
1726999775905,BTCUSD_PERP,ask,63400,607.62
1726999776217,BTCUSD_PERP,ask,63400,638.65
1726999778377,BTCUSD_PERP,ask,63400,628.83
1726999778831,BTCUSD_PERP,ask,63400,638.65
1726999779983,BTCUSD_PERP,ask,63400,644.98
1726999788950,BTCUSD_PERP,ask,63400,634.85
1726999789158,BTCUSD_PERP,ask,63400,624.72
1726999789297,BTCUSD_PERP,ask,63400,634.85
1726999789395,BTCUSD_PERP,ask,63400,644.98
1726999791573,BTCUSD_PERP,bid,62200,630.05
1726999791806,BTCUSD_PERP,ask,63400,651.31
1726999792181,BTCUSD_PERP,bid,62200,631.6
1726999792390,BTCUSD_PERP,bid,62200,633.83
1726999794854,BTCUSD_PERP,ask,63400,644.98
1726999795189,BTCUSD_PERP,ask,63400,651.31
1726999795646,BTCUSD_PERP,ask,63400,641.18
1726999795878,BTCUSD_PERP,ask,63400,651.31
1726999796409,BTCUSD_PERP,ask,63400,644.98
1726999796759,BTCUSD_PERP,ask,63400,651.31
1726999798040,BTCUSD_PERP,ask,63400,641.18
1726999798390,BTCUSD_PERP,ask,63400,651.31
1726999798900,BTCUSD_PERP,bid,62200,633.98
1726999801206,BTCUSD_PERP,ask,63400,657.64
1726999803632,BTCUSD_PERP,ask,63400,647.51
1726999805531,BTCUSD_PERP,ask,63400,657.64
1726999814972,BTCUSD_PERP,ask,63400,647.51
1726999817108,BTCUSD_PERP,ask,63400,641.18
1726999818432,BTCUSD_PERP,ask,63400,631.05
1726999822830,BTCUSD_PERP,ask,63400,620.92
1726999830904,BTCUSD_PERP,ask,63400,610.79
1726999836207,BTCUSD_PERP,ask,63400,600.66
1726999839194,BTCUSD_PERP,ask,63400,590.84
1726999842304,BTCUSD_PERP,ask,63400,584.51
1726999847009,BTCUSD_PERP,ask,63400,563.61
1726999849312,BTCUSD_PERP,ask,63400,553.48
1726999849519,BTCUSD_PERP,ask,63400,543.35
1726999855313,BTCUSD_PERP,ask,63400,537.02
1726999856335,BTCUSD_PERP,ask,63400,526.89
1726999857145,BTCUSD_PERP,ask,63400,520.56
1726999858673,BTCUSD_PERP,ask,63400,510.43
1726999862006,BTCUSD_PERP,ask,63400,489.53
1726999865763,BTCUSD_PERP,ask,63400,479.4
1726999912317,BTCUSD_PERP,bid,62200,616.59
1726999912627,BTCUSD_PERP,bid,62200,615.04
1726999913104,BTCUSD_PERP,bid,62200,612.81
1726999926419,BTCUSD_PERP,ask,62700,525.2
1726999926517,BTCUSD_PERP,ask,62700,525.91
1726999926620,BTCUSD_PERP,ask,62700,526.66
1726999926718,BTCUSD_PERP,ask,62700,497.02
1726999926926,BTCUSD_PERP,ask,62700,497.14
1726999927130,BTCUSD_PERP,ask,62700,497.03
1726999927229,BTCUSD_PERP,ask,62700,497.14
1726999927328,BTCUSD_PERP,ask,62700,491.89
1726999927433,BTCUSD_PERP,ask,62700,491.77
1726999928040,BTCUSD_PERP,ask,62700,491.83
1726999929004,BTCUSD_PERP,ask,62700,491.33
1726999929406,BTCUSD_PERP,ask,62700,490.75
1726999930060,BTCUSD_PERP,ask,62700,490.69
1726999957049,BTCUSD_PERP,ask,63400,480.67
1726999957443,BTCUSD_PERP,ask,63400,490.8
1726999958758,BTCUSD_PERP,ask,63400,511.7
1726999960698,BTCUSD_PERP,ask,63400,521.52
1726999964224,BTCUSD_PERP,ask,63400,542.42
1727000004238,BTCUSD_PERP,ask,63400,532.29
1727000006269,BTCUSD_PERP,bid,62200,612.66
1727000017204,BTCUSD_PERP,ask,63400,522.16
1727000017917,BTCUSD_PERP,ask,63400,512.03
1727000021105,BTCUSD_PERP,ask,63400,502.21
1727000047127,BTCUSD_PERP,ask,63400,481.31
1727000071490,BTCUSD_PERP,bid,62200,551.71
1727000071591,BTCUSD_PERP,bid,62200,490.76
1727000611605,BTCUSD_PERP,bid,62100,735.35
1727000611704,BTCUSD_PERP,bid,62100,796.89
1727000619901,BTCUSD_PERP,bid,62100,613.02
1727000620001,BTCUSD_PERP,bid,62100,1102.51
1727000620106,BTCUSD_PERP,bid,62100,1164.01
1727000669396,BTCUSD_PERP,bid,62100,1102.51
1727000669596,BTCUSD_PERP,bid,62100,980.13
1727000669802,BTCUSD_PERP,bid,62100,795.63
1727000669905,BTCUSD_PERP,bid,62100,673.25
1727000670011,BTCUSD_PERP,bid,62100,550.36
1727000670011,BTCUSD_PERP,bid,62100,491.06
1727000670114,BTCUSD_PERP,bid,62100,489.49
1727000670114,BTCUSD_PERP,bid,62100,674.94
1727000670329,BTCUSD_PERP,bid,62100,735.85
1727000670431,BTCUSD_PERP,bid,62100,920.47
1727000670971,BTCUSD_PERP,bid,62100,1042.91
1727000671189,BTCUSD_PERP,bid,62100,1103.81
1727000671381,BTCUSD_PERP,bid,62100,1164.72
1727000671599,BTCUSD_PERP,bid,62100,485.74
1727000848860,BTCUSD_PERP,bid,62100,1103.18
1727000848964,BTCUSD_PERP,bid,62100,980.74
1727000849476,BTCUSD_PERP,bid,62100,735.21
1727000849675,BTCUSD_PERP,bid,62100,550.7
1727000849780,BTCUSD_PERP,bid,62100,491.29
1727000849883,BTCUSD_PERP,bid,62100,552.86
1727000849985,BTCUSD_PERP,bid,62100,489.79
1727000849985,BTCUSD_PERP,bid,62100,613.8
1727000850396,BTCUSD_PERP,bid,62100,798.51
1727000850495,BTCUSD_PERP,bid,62100,859.45
1727000850594,BTCUSD_PERP,bid,62100,981.96
1727000850698,BTCUSD_PERP,bid,62100,1104.47
1727000850901,BTCUSD_PERP,bid,62100,1165.41
1727000856608,BTCUSD_PERP,bid,62100,1165.56
1727000879453,BTCUSD_PERP,bid,62100,1167.11
1727000879556,BTCUSD_PERP,bid,62100,1186.73
1727000999815,BTCUSD_PERP,bid,62100,1169.34
1727001000060,BTCUSD_PERP,bid,62100,1167.11
1727001000165,BTCUSD_PERP,bid,62100,1165.56
1727001057960,BTCUSD_PERP,bid,62100,1165.41
1727001215200,BTCUSD_PERP,bid,62100,1103.84
1727001215301,BTCUSD_PERP,bid,62100,980.02
1727001215405,BTCUSD_PERP,bid,62100,1103.08
1727001215504,BTCUSD_PERP,bid,62100,1164.61
1727001428282,BTCUSD_PERP,ask,63300,475.86
1727001430619,BTCUSD_PERP,ask,63300,482.19
1727001432456,BTCUSD_PERP,ask,63300,492.31
1727001432554,BTCUSD_PERP,ask,63300,502.44
1727001433061,BTCUSD_PERP,ask,63300,508.77
1727001445808,BTCUSD_PERP,ask,63300,529.66
1727001447067,BTCUSD_PERP,ask,63300,539.79
1727001451085,BTCUSD_PERP,ask,63300,549.91
1727001454104,BTCUSD_PERP,ask,63300,566.36
1727001454871,BTCUSD_PERP,ask,63300,587.25
1727001479914,BTCUSD_PERP,ask,63300,577.12
1727001484501,BTCUSD_PERP,ask,63300,567.0
1727001486457,BTCUSD_PERP,ask,63300,556.88
1727001491505,BTCUSD_PERP,ask,63300,550.55
1727001492836,BTCUSD_PERP,ask,63300,530.3
1727001493534,BTCUSD_PERP,ask,63300,523.97
1727001493843,BTCUSD_PERP,ask,63300,530.3
1727001507369,BTCUSD_PERP,ask,63300,520.17
1727001507904,BTCUSD_PERP,ask,63300,526.5
1727001509205,BTCUSD_PERP,ask,63300,536.63
1727001511263,BTCUSD_PERP,ask,63300,526.51
1727001511576,BTCUSD_PERP,ask,63300,536.63
1727001512104,BTCUSD_PERP,ask,63300,557.52
1727001514330,BTCUSD_PERP,ask,63300,551.19
1727001514656,BTCUSD_PERP,ask,63300,547.4
1727001515005,BTCUSD_PERP,ask,63300,557.52
1727001519460,BTCUSD_PERP,ask,63300,567.64
1727001521502,BTCUSD_PERP,ask,63300,561.32
1727001522005,BTCUSD_PERP,ask,63300,567.64
1727001540154,BTCUSD_PERP,bid,62100,734.25
1727001540240,BTCUSD_PERP,bid,62100,1102.5
1727001540346,BTCUSD_PERP,bid,62100,1164.0
1727001549406,BTCUSD_PERP,ask,63300,546.75
1727001553864,BTCUSD_PERP,ask,63300,540.42
1727001554275,BTCUSD_PERP,ask,63300,519.53
1727001570107,BTCUSD_PERP,ask,63300,509.4
1727001571693,BTCUSD_PERP,ask,63300,499.28
1727001574847,BTCUSD_PERP,ask,63300,492.95
1727001575159,BTCUSD_PERP,ask,63300,482.83
1727001598042,BTCUSD_PERP,bid,62100,491.38
1727001598140,BTCUSD_PERP,bid,62000,794.62
1727001599163,BTCUSD_PERP,bid,62000,506.03
1727001599266,BTCUSD_PERP,bid,62000,628.27
1727001745608,BTCUSD_PERP,bid,62000,610.44
1727001795451,BTCUSD_PERP,bid,62000,549.63
1727001796572,BTCUSD_PERP,bid,62000,549.96
1727001802385,BTCUSD_PERP,ask,63300,530.17
1727001827822,BTCUSD_PERP,bid,62000,489.12
1727001828434,BTCUSD_PERP,bid,62100,490.01
1727001828637,BTCUSD_PERP,bid,62100,550.89
1727001828833,BTCUSD_PERP,bid,62100,611.77
1727001829183,BTCUSD_PERP,bid,62100,734.14
1727001844570,BTCUSD_PERP,ask,63300,520.14
1727001852342,BTCUSD_PERP,ask,63300,499.45
1727001853311,BTCUSD_PERP,ask,63300,493.18
1727001855467,BTCUSD_PERP,ask,63300,486.91
1727001912215,BTCUSD_PERP,bid,62000,487.45
1727002017370,BTCUSD_PERP,bid,62100,488.76
1727002017472,BTCUSD_PERP,bid,62000,488.5
1727002121965,BTCUSD_PERP,bid,62100,490.11
1727002122085,BTCUSD_PERP,bid,62100,551.61
1727002122189,BTCUSD_PERP,bid,62100,673.99
1727002122406,BTCUSD_PERP,bid,62100,735.39
1727002122605,BTCUSD_PERP,bid,62100,796.89
1727002122828,BTCUSD_PERP,bid,62100,857.77
1727002743606,BTCUSD_PERP,bid,62100,859.01
1727002837380,BTCUSD_PERP,bid,62100,857.77
1727002905331,BTCUSD_PERP,bid,62100,796.27
1727002905543,BTCUSD_PERP,bid,62100,673.89
1727002905655,BTCUSD_PERP,bid,62100,612.49
1727002905857,BTCUSD_PERP,bid,62100,550.99
1727002906050,BTCUSD_PERP,bid,62100,490.12
1727002906370,BTCUSD_PERP,bid,62100,490.96
1727002906489,BTCUSD_PERP,bid,62100,613.41
1727002906598,BTCUSD_PERP,bid,62100,735.24
1727002906706,BTCUSD_PERP,bid,62100,857.07
1727002906805,BTCUSD_PERP,bid,62100,918.61
1727002906907,BTCUSD_PERP,bid,62100,980.15
1727002907119,BTCUSD_PERP,bid,62100,1041.69
1727002964721,BTCUSD_PERP,bid,62100,612.16
1727002964812,BTCUSD_PERP,bid,62100,1041.15
1727003098953,BTCUSD_PERP,bid,62100,795.98
1727003099051,BTCUSD_PERP,bid,62100,1040.64
1727003133991,BTCUSD_PERP,bid,62100,979.16
1727003134184,BTCUSD_PERP,bid,62000,672.62
1727003142138,BTCUSD_PERP,bid,62000,611.81
1727003148102,BTCUSD_PERP,bid,62000,489.65
1727003149326,BTCUSD_PERP,bid,62100,551.85
1727003149630,BTCUSD_PERP,bid,62100,674.24
1727003149848,BTCUSD_PERP,bid,62100,735.75
1727003190332,BTCUSD_PERP,bid,62100,489.9
1727003190433,BTCUSD_PERP,bid,62100,551.37
1727003362817,BTCUSD_PERP,bid,62000,551.71
1727003362918,BTCUSD_PERP,bid,62000,613.15
1727003422442,BTCUSD_PERP,bid,62000,551.71
1727003757594,BTCUSD_PERP,bid,61900,538.98
1727003759403,BTCUSD_PERP,bid,62000,488.78
1727003773059,BTCUSD_PERP,bid,62000,506.13
1727003775133,BTCUSD_PERP,bid,62000,507.67
1727003775336,BTCUSD_PERP,bid,62000,509.89
1727003783188,BTCUSD_PERP,bid,62000,521.97
1727003823139,BTCUSD_PERP,bid,62000,489.02
1727003823240,BTCUSD_PERP,bid,62000,535.92
1727003823337,BTCUSD_PERP,bid,62000,550.46
1727003843838,BTCUSD_PERP,bid,62000,489.89
1727003844157,BTCUSD_PERP,bid,62000,491.15
1727003844357,BTCUSD_PERP,bid,62000,552.62
1727003844465,BTCUSD_PERP,bid,62000,613.47
1727003844885,BTCUSD_PERP,bid,62000,674.31
1727003844989,BTCUSD_PERP,bid,62000,796.0
1727003845203,BTCUSD_PERP,bid,62000,917.69
1727003845294,BTCUSD_PERP,bid,62000,536.22
1727003845405,BTCUSD_PERP,bid,62000,597.63
1727003845405,BTCUSD_PERP,bid,62000,979.06
1727003854660,BTCUSD_PERP,bid,62000,600.99
1727003916410,BTCUSD_PERP,bid,62000,917.59
1727003916513,BTCUSD_PERP,bid,62000,856.12
1727003916624,BTCUSD_PERP,bid,62000,795.27
1727003916727,BTCUSD_PERP,bid,62000,733.8
1727003916934,BTCUSD_PERP,bid,62000,610.86
1727003917033,BTCUSD_PERP,bid,62000,550.02
1727003917337,BTCUSD_PERP,bid,62000,488.55
1727003917337,BTCUSD_PERP,bid,62100,490.83
1727003917436,BTCUSD_PERP,bid,62100,551.71
1727003917744,BTCUSD_PERP,bid,62100,613.11
1727003917840,BTCUSD_PERP,bid,62100,673.99
1727003917942,BTCUSD_PERP,bid,62100,734.87
1727003918150,BTCUSD_PERP,bid,62000,536.48
1727003918150,BTCUSD_PERP,bid,62100,796.38
1727003918251,BTCUSD_PERP,bid,62100,918.14
1727003918453,BTCUSD_PERP,bid,62100,979.65
1727003918656,BTCUSD_PERP,bid,62000,597.92
1727003923266,BTCUSD_PERP,bid,62100,979.8
1727004095646,BTCUSD_PERP,bid,62100,918.29
1727004095848,BTCUSD_PERP,bid,62000,536.48
1727004096051,BTCUSD_PERP,bid,62100,856.89
1727004096156,BTCUSD_PERP,bid,62100,795.38
1727004096254,BTCUSD_PERP,bid,62100,734.5
1727004096356,BTCUSD_PERP,bid,62100,550.6
1727004096459,BTCUSD_PERP,bid,62100,489.72
1727004096562,BTCUSD_PERP,bid,62100,489.96
1727004096662,BTCUSD_PERP,bid,62100,550.89
1727004096873,BTCUSD_PERP,bid,62100,612.45
1727004096972,BTCUSD_PERP,bid,62100,673.38
1727004119574,BTCUSD_PERP,bid,62100,611.82
1727004119919,BTCUSD_PERP,bid,62100,489.96
1727004120331,BTCUSD_PERP,bid,62200,492.42
1727004120433,BTCUSD_PERP,bid,62200,553.4
1727004241526,BTCUSD_PERP,bid,62200,551.86
1727004254048,BTCUSD_PERP,bid,62200,556.23
1727004381254,BTCUSD_PERP,bid,62200,551.86
1727004412605,BTCUSD_PERP,bid,62200,613.16
1727004412704,BTCUSD_PERP,bid,62200,1042.26
1727004681706,BTCUSD_PERP,bid,62200,796.6
1727004681809,BTCUSD_PERP,bid,62200,735.65
1727004682004,BTCUSD_PERP,bid,62200,613.13
1727004682414,BTCUSD_PERP,bid,62200,552.19
1727004682414,BTCUSD_PERP,bid,62200,490.35
1727004682513,BTCUSD_PERP,bid,62200,491.25
1727004682623,BTCUSD_PERP,bid,62200,612.93
1727004682721,BTCUSD_PERP,bid,62200,735.52
1727004682820,BTCUSD_PERP,bid,62200,858.11
1727004683243,BTCUSD_PERP,bid,62200,919.61
1727004683339,BTCUSD_PERP,bid,62200,981.22
1727004745383,BTCUSD_PERP,bid,62200,919.61
1727004745487,BTCUSD_PERP,bid,62200,858.11
1727004745793,BTCUSD_PERP,bid,62200,796.5
1727004745884,BTCUSD_PERP,bid,62200,734.89
1727004746301,BTCUSD_PERP,bid,62200,673.28
1727004934712,BTCUSD_PERP,bid,62200,612.3
1727004934813,BTCUSD_PERP,bid,62200,551.32
1727004935416,BTCUSD_PERP,bid,62200,489.71
1727004936026,BTCUSD_PERP,bid,62200,490.83
1727004936132,BTCUSD_PERP,bid,62200,552.47
1727004936238,BTCUSD_PERP,bid,62200,614.11
1727004936331,BTCUSD_PERP,bid,62200,736.76
1727004936542,BTCUSD_PERP,bid,62200,537.67
1727004936747,BTCUSD_PERP,bid,62200,859.41
1727004957882,BTCUSD_PERP,bid,62200,798.4
1727004957984,BTCUSD_PERP,bid,62200,737.39
1727004958086,BTCUSD_PERP,bid,62200,491.49
1727004958183,BTCUSD_PERP,bid,62200,614.74
1727004958283,BTCUSD_PERP,bid,62200,553.1
1727004958386,BTCUSD_PERP,bid,62200,491.46
1727004958386,BTCUSD_PERP,bid,62300,552.89
1727004958999,BTCUSD_PERP,bid,62300,614.56
1727004959311,BTCUSD_PERP,bid,62300,675.6
1727004959410,BTCUSD_PERP,bid,62300,798.32
1727004959514,BTCUSD_PERP,bid,62300,859.89
1727004959621,BTCUSD_PERP,bid,62300,1044.27
1727004959917,BTCUSD_PERP,bid,62300,1105.94
1727004960036,BTCUSD_PERP,bid,62200,538.0
1727004960235,BTCUSD_PERP,bid,62300,1167.61
1727004960339,BTCUSD_PERP,bid,62200,599.57
1727004961723,BTCUSD_PERP,bid,62300,1167.76
1727005169297,BTCUSD_PERP,bid,62300,1167.61
1727005550093,BTCUSD_PERP,bid,62300,1105.94
1727005550186,BTCUSD_PERP,bid,62300,921.56
1727005550289,BTCUSD_PERP,bid,62200,537.72
1727005550289,BTCUSD_PERP,bid,62200,1105.03
1727005550490,BTCUSD_PERP,bid,62200,599.25
1727005550490,BTCUSD_PERP,bid,62200,1166.67
1727005729787,BTCUSD_PERP,bid,62200,860.35
1727005729895,BTCUSD_PERP,bid,62300,922.18
1727005730097,BTCUSD_PERP,bid,62300,983.85
1727005730304,BTCUSD_PERP,bid,62200,537.96
1727005730304,BTCUSD_PERP,bid,62300,1044.89
1727005730403,BTCUSD_PERP,bid,62300,1105.94
1727005730503,BTCUSD_PERP,bid,62200,599.57
1727005730503,BTCUSD_PERP,bid,62300,1167.61
1727006404766,BTCUSD_PERP,bid,62300,798.31
1727006404866,BTCUSD_PERP,bid,62200,735.96
1727006405067,BTCUSD_PERP,bid,62200,797.6
1727006483314,BTCUSD_PERP,bid,62200,736.59
1727006483420,BTCUSD_PERP,bid,62200,551.67
1727006483522,BTCUSD_PERP,bid,62200,490.66
1727006483622,BTCUSD_PERP,bid,62300,491.83
1727006483826,BTCUSD_PERP,bid,62300,613.93
1727006483925,BTCUSD_PERP,bid,62300,674.97
1727006484125,BTCUSD_PERP,bid,62300,736.64
1727006484336,BTCUSD_PERP,bid,62300,798.31
1727006484646,BTCUSD_PERP,bid,62300,921.55
1727006484741,BTCUSD_PERP,bid,62200,537.96
1727006484741,BTCUSD_PERP,bid,62300,983.22
1727006484844,BTCUSD_PERP,bid,62300,1044.89
1727006484936,BTCUSD_PERP,bid,62300,1106.56
1727006485044,BTCUSD_PERP,bid,62200,599.57
1727006485044,BTCUSD_PERP,bid,62300,1167.61
1727006848207,BTCUSD_PERP,bid,62300,1106.57
1727006848307,BTCUSD_PERP,bid,62300,1044.9
1727006848408,BTCUSD_PERP,bid,62300,983.23
1727006848505,BTCUSD_PERP,bid,62300,921.56
1727006848634,BTCUSD_PERP,bid,62300,860.52
1727006848725,BTCUSD_PERP,bid,62300,737.81
1727006848955,BTCUSD_PERP,bid,62300,614.47
1727006849061,BTCUSD_PERP,bid,62300,492.4
1727006849160,BTCUSD_PERP,bid,62300,491.13
1727006849160,BTCUSD_PERP,bid,62300,615.82
1727006849335,BTCUSD_PERP,bid,62300,737.98
1727006849484,BTCUSD_PERP,bid,62300,799.05
1727006849605,BTCUSD_PERP,bid,62300,860.76
1727006849719,BTCUSD_PERP,bid,62300,922.47
1727006849820,BTCUSD_PERP,bid,62300,1106.86
1727006854904,BTCUSD_PERP,bid,62300,1119.0
1727006975203,BTCUSD_PERP,bid,62300,1106.86
1727007085979,BTCUSD_PERP,bid,62300,1107.01
1727007086075,BTCUSD_PERP,bid,62300,1107.16
1727007281424,BTCUSD_PERP,bid,62300,1046.09
1727007281730,BTCUSD_PERP,bid,62300,861.6
1727007281827,BTCUSD_PERP,bid,62300,799.89
1727007281929,BTCUSD_PERP,bid,62300,738.18
1727007282030,BTCUSD_PERP,bid,62300,616.03
1727007282231,BTCUSD_PERP,bid,62300,554.32
1727007282331,BTCUSD_PERP,bid,62300,493.24
1727007282434,BTCUSD_PERP,bid,62300,677.13
1727007282534,BTCUSD_PERP,bid,62300,738.87
1727007282638,BTCUSD_PERP,bid,62300,862.35
1727007283049,BTCUSD_PERP,bid,62300,538.55
1727007283049,BTCUSD_PERP,bid,62300,923.46
1727007283348,BTCUSD_PERP,bid,62300,600.23
1727007283450,BTCUSD_PERP,bid,62300,1046.94
1727007337984,BTCUSD_PERP,bid,62300,924.08
1727007338091,BTCUSD_PERP,bid,62300,801.23
1727007338291,BTCUSD_PERP,bid,62300,538.55
1727007338291,BTCUSD_PERP,bid,62300,616.63
1727007338385,BTCUSD_PERP,bid,62300,555.52
1727007338487,BTCUSD_PERP,bid,62300,493.78
1727007338487,BTCUSD_PERP,bid,62400,492.33
1727007338704,BTCUSD_PERP,bid,62400,553.48
1727007338804,BTCUSD_PERP,bid,62400,615.26
1727007478668,BTCUSD_PERP,bid,62400,553.48
1727007478767,BTCUSD_PERP,bid,62400,491.7
1727007479284,BTCUSD_PERP,bid,62300,614.28
1727007479386,BTCUSD_PERP,bid,62300,676.02
1727007601667,BTCUSD_PERP,bid,62300,922.36
1727007601770,BTCUSD_PERP,bid,62300,984.07
1727007629177,BTCUSD_PERP,bid,62300,922.36
1727007633128,BTCUSD_PERP,bid,62200,614.68
1727007633235,BTCUSD_PERP,bid,62200,676.35
1727007766876,BTCUSD_PERP,bid,62200,615.32
1727007766976,BTCUSD_PERP,bid,62200,553.76
1727007767485,BTCUSD_PERP,bid,62200,492.09
1727007768098,BTCUSD_PERP,bid,62300,553.31
1727007768200,BTCUSD_PERP,bid,62300,615.01
1727007814734,BTCUSD_PERP,bid,62300,553.31
1727007814933,BTCUSD_PERP,bid,62300,491.61
1727007815360,BTCUSD_PERP,bid,62300,492.6
1727007815571,BTCUSD_PERP,bid,62300,554.33
1727007815773,BTCUSD_PERP,bid,62300,616.06
1727007815977,BTCUSD_PERP,bid,62300,799.89
1727007816183,BTCUSD_PERP,bid,62300,861.62
1727007816590,BTCUSD_PERP,bid,62300,922.73
1727008009000,BTCUSD_PERP,bid,62300,490.98
1727008009097,BTCUSD_PERP,bid,62300,675.46
1727008009198,BTCUSD_PERP,bid,62300,737.16
1727008142648,BTCUSD_PERP,bid,62300,614.38
1727008142753,BTCUSD_PERP,bid,62200,675.03
1727008142843,BTCUSD_PERP,bid,62200,736.69
1727008512608,BTCUSD_PERP,bid,62200,736.32
1727008512812,BTCUSD_PERP,bid,62200,797.95
1727009148543,BTCUSD_PERP,bid,62200,736.95
1727009148645,BTCUSD_PERP,bid,62200,736.69
1727009148848,BTCUSD_PERP,bid,62200,798.35
1727009219719,BTCUSD_PERP,bid,62200,737.32
1727009219825,BTCUSD_PERP,bid,62200,614.0
1727009220132,BTCUSD_PERP,bid,62200,490.68
1727009220848,BTCUSD_PERP,bid,62300,492.24
1727009436306,BTCUSD_PERP,bid,62200,491.48
1727009774234,BTCUSD_PERP,bid,62200,490.12
1727009921260,BTCUSD_PERP,bid,62200,491.74
1727010072005,BTCUSD_PERP,bid,62200,491.69
1727010072104,BTCUSD_PERP,bid,62200,553.32
1727010222905,BTCUSD_PERP,bid,62200,551.77
1727010223006,BTCUSD_PERP,bid,62200,612.8
1727010550900,BTCUSD_PERP,bid,62200,551.69
1727010567182,BTCUSD_PERP,bid,62200,492.31
1727010569117,BTCUSD_PERP,bid,62200,491.44
1727010569425,BTCUSD_PERP,bid,62200,553.04
1727010728393,BTCUSD_PERP,bid,62200,490.69
1727010728696,BTCUSD_PERP,bid,62200,551.69
1727010728900,BTCUSD_PERP,bid,62200,612.69
1727010750297,BTCUSD_PERP,bid,62200,551.69
1727010750503,BTCUSD_PERP,bid,62200,490.07
1727010751825,BTCUSD_PERP,bid,62200,490.75
1727010756082,BTCUSD_PERP,bid,62200,492.09
1727010756191,BTCUSD_PERP,bid,62200,615.32
1727010756391,BTCUSD_PERP,bid,62200,676.99
1727010891004,BTCUSD_PERP,bid,62200,678.23
1727010985599,BTCUSD_PERP,bid,62200,554.89
1727010986428,BTCUSD_PERP,bid,62300,492.24
1727010986536,BTCUSD_PERP,bid,62300,553.94
1727010986642,BTCUSD_PERP,bid,62300,615.64
1727010986828,BTCUSD_PERP,bid,62300,677.34
1727011064908,BTCUSD_PERP,bid,62300,615.64
1727011065009,BTCUSD_PERP,bid,62300,553.94
1727011065107,BTCUSD_PERP,bid,62300,492.24
1727011065721,BTCUSD_PERP,bid,62200,553.77
1727011066329,BTCUSD_PERP,bid,62200,615.44
1727011066935,BTCUSD_PERP,bid,62200,677.0
1727011226359,BTCUSD_PERP,bid,62200,920.54
1727011226563,BTCUSD_PERP,bid,62200,982.17
1727011343355,BTCUSD_PERP,bid,62200,1043.18
1727011343451,BTCUSD_PERP,bid,62200,1166.36
1727012013104,BTCUSD_PERP,bid,62200,491.47
1727012013205,BTCUSD_PERP,bid,62100,1042.49
1727012013312,BTCUSD_PERP,bid,62100,536.9
1727012013413,BTCUSD_PERP,bid,62100,1104.04
1727012103760,BTCUSD_PERP,bid,62100,1042.49
1727012103856,BTCUSD_PERP,bid,62100,981.57
1727012103965,BTCUSD_PERP,bid,62100,920.02
1727012104068,BTCUSD_PERP,bid,62100,859.09
1727012104305,BTCUSD_PERP,bid,62100,797.54
1727012104712,BTCUSD_PERP,bid,62100,613.0
1727012104820,BTCUSD_PERP,bid,62100,981.05
1727012104917,BTCUSD_PERP,bid,62000,536.64
1727012104917,BTCUSD_PERP,bid,62100,1041.95
1727012105026,BTCUSD_PERP,bid,62100,1103.47
1727012167606,BTCUSD_PERP,bid,62100,1103.53
1727012293044,BTCUSD_PERP,bid,62100,1103.47
1727012459732,BTCUSD_PERP,ask,63300,490.1
1727012468521,BTCUSD_PERP,ask,63300,500.31
1727012470481,BTCUSD_PERP,ask,63300,510.43
1727012851817,BTCUSD_PERP,bid,62000,550.45
1727012852020,BTCUSD_PERP,bid,62000,611.89
1727012857059,BTCUSD_PERP,ask,63200,488.53
1727012868600,BTCUSD_PERP,ask,63200,494.85
1727012870242,BTCUSD_PERP,ask,63200,515.71
1727012871854,BTCUSD_PERP,ask,63200,525.82
1727012873798,BTCUSD_PERP,ask,63200,535.93
1727012874897,BTCUSD_PERP,ask,63200,546.04
1727012879262,BTCUSD_PERP,ask,63200,556.15
1727012881815,BTCUSD_PERP,ask,63200,566.26
1727012913060,BTCUSD_PERP,ask,63200,559.94
1727012914068,BTCUSD_PERP,ask,63200,553.62
1727012915404,BTCUSD_PERP,ask,63200,547.3
1727012917231,BTCUSD_PERP,ask,63200,537.19
1727012932151,BTCUSD_PERP,ask,63200,527.08
1727012933907,BTCUSD_PERP,ask,63200,516.97
1727012935133,BTCUSD_PERP,ask,63200,506.86
1727012939436,BTCUSD_PERP,ask,63200,496.75
1727012941879,BTCUSD_PERP,ask,63200,486.64
1727012968829,BTCUSD_PERP,bid,62000,550.45
1727012969032,BTCUSD_PERP,bid,62000,489.01
1727012969774,BTCUSD_PERP,bid,62100,489.88
1727012969876,BTCUSD_PERP,bid,62100,551.35
1727012969984,BTCUSD_PERP,bid,62100,612.2
1727012970082,BTCUSD_PERP,bid,62100,673.05
1727012970183,BTCUSD_PERP,bid,62100,733.9
1727012970281,BTCUSD_PERP,bid,62100,795.37
1727012970482,BTCUSD_PERP,bid,62100,856.84
1727012970689,BTCUSD_PERP,bid,62100,917.69
1727012970888,BTCUSD_PERP,bid,62100,1040.01
1727012970989,BTCUSD_PERP,bid,62100,1101.48
1727013458957,BTCUSD_PERP,bid,62100,1040.01
1727013743726,BTCUSD_PERP,bid,62100,978.54
1727013743935,BTCUSD_PERP,bid,62100,733.9
1727013744037,BTCUSD_PERP,bid,62000,978.66
1727013852047,BTCUSD_PERP,bid,62000,734.77
1727013852349,BTCUSD_PERP,bid,62000,490.57
1727013945260,BTCUSD_PERP,bid,62000,489.95
1727014055524,BTCUSD_PERP,bid,61900,854.92
1727014055621,BTCUSD_PERP,bid,61900,916.26
1727014126542,BTCUSD_PERP,bid,61900,612.05
1727014126642,BTCUSD_PERP,bid,61900,487.84
1727014126850,BTCUSD_PERP,bid,61900,549.21
1727014127148,BTCUSD_PERP,bid,61900,671.95
1727014127275,BTCUSD_PERP,bid,61900,733.32
1727014127371,BTCUSD_PERP,bid,61900,794.69
1727014127471,BTCUSD_PERP,bid,61900,855.44
1727014127600,BTCUSD_PERP,bid,61900,916.71
1727014130272,BTCUSD_PERP,bid,61900,795.23
1727014130377,BTCUSD_PERP,bid,61900,673.73
1727014130477,BTCUSD_PERP,bid,61900,793.56
1727014130560,BTCUSD_PERP,bid,61900,854.9
1727014130793,BTCUSD_PERP,bid,61900,916.24
1727014135977,BTCUSD_PERP,bid,61900,794.18
1727014136181,BTCUSD_PERP,bid,61900,732.94
1727014136285,BTCUSD_PERP,bid,61900,671.6
1727014200928,BTCUSD_PERP,bid,61900,610.89
1727014201133,BTCUSD_PERP,bid,61900,488.84
1727014201740,BTCUSD_PERP,bid,62000,549.93
1727014201840,BTCUSD_PERP,bid,62000,611.31
1727014201946,BTCUSD_PERP,bid,62000,672.07
1727014202048,BTCUSD_PERP,bid,62000,733.45
1727014232844,BTCUSD_PERP,bid,62000,672.69
1727014232946,BTCUSD_PERP,bid,62000,611.31
1727014233155,BTCUSD_PERP,bid,62000,488.55
1727014233790,BTCUSD_PERP,bid,62000,549.54
1727014233998,BTCUSD_PERP,bid,62000,733.14
1727014234196,BTCUSD_PERP,bid,62000,794.55
1727014234300,BTCUSD_PERP,bid,62000,855.96
1727014253128,BTCUSD_PERP,bid,62000,733.14
1727014253228,BTCUSD_PERP,bid,62000,550.8
1727014253326,BTCUSD_PERP,bid,62000,489.39
1727014254749,BTCUSD_PERP,bid,62000,489.62
1727014254951,BTCUSD_PERP,bid,62000,550.45
1727014265266,BTCUSD_PERP,bid,62100,489.87
1727014265581,BTCUSD_PERP,bid,62100,551.35
1727014265902,BTCUSD_PERP,bid,62100,612.21
1727014265993,BTCUSD_PERP,bid,62100,733.91
1727014266201,BTCUSD_PERP,bid,62100,917.72
1727014266514,BTCUSD_PERP,bid,62100,979.2
1727014266611,BTCUSD_PERP,bid,62100,1040.68
1727014444886,BTCUSD_PERP,bid,62100,979.83
1727014444993,BTCUSD_PERP,bid,62100,856.87
1727014445095,BTCUSD_PERP,bid,62100,734.53
1727014445204,BTCUSD_PERP,bid,62100,612.19
1727014445401,BTCUSD_PERP,bid,62100,550.71
1727014445401,BTCUSD_PERP,bid,62100,490.19
1727014445505,BTCUSD_PERP,bid,62100,489.33
1727014445505,BTCUSD_PERP,bid,62100,551.6
1727014445607,BTCUSD_PERP,bid,62100,612.48
1727014445805,BTCUSD_PERP,bid,62100,673.99
1727014445911,BTCUSD_PERP,bid,62100,735.5
1727014446005,BTCUSD_PERP,bid,62100,797.01
1727014446211,BTCUSD_PERP,bid,62100,857.89
1727014446525,BTCUSD_PERP,bid,62100,919.4
1727014446621,BTCUSD_PERP,bid,62100,980.28
1727014446762,BTCUSD_PERP,bid,62100,1041.16
1727014536288,BTCUSD_PERP,bid,62100,980.28
1727014536506,BTCUSD_PERP,bid,62100,918.77
1727014536605,BTCUSD_PERP,bid,62100,857.89
1727014536805,BTCUSD_PERP,bid,62100,797.01
1727014537049,BTCUSD_PERP,bid,62100,735.5
1727014537151,BTCUSD_PERP,bid,62100,550.97
1727014537237,BTCUSD_PERP,bid,62100,490.58
1727014537355,BTCUSD_PERP,bid,62100,551.51
1727014537467,BTCUSD_PERP,bid,62100,735.43
1727014537553,BTCUSD_PERP,bid,62100,796.35
1727014537779,BTCUSD_PERP,bid,62100,857.28
1727014537881,BTCUSD_PERP,bid,62100,918.83
1727014538005,BTCUSD_PERP,bid,62100,980.38
1727014538328,BTCUSD_PERP,bid,62100,1041.93
1727014691949,BTCUSD_PERP,bid,62100,857.91
1727014692153,BTCUSD_PERP,bid,62100,1041.35
1727014693569,BTCUSD_PERP,bid,62100,1041.5
1727014904836,BTCUSD_PERP,bid,62100,1041.35
1727014960756,BTCUSD_PERP,bid,62100,919.04
1727014960964,BTCUSD_PERP,bid,62100,918.46
1727014961061,BTCUSD_PERP,bid,62100,979.32
1727014961164,BTCUSD_PERP,bid,62100,1040.81
1727015015558,BTCUSD_PERP,bid,62100,979.95
1727015015760,BTCUSD_PERP,bid,62000,856.54
1727015015960,BTCUSD_PERP,bid,62000,917.99
1727015061975,BTCUSD_PERP,bid,62000,672.91
1727015062073,BTCUSD_PERP,bid,62000,856.65
1727015062177,BTCUSD_PERP,bid,61900,535.78
1727015062177,BTCUSD_PERP,bid,62000,978.24
1727015062252,BTCUSD_PERP,bid,62000,1039.66
1727015238406,BTCUSD_PERP,bid,62000,795.23
1727015238505,BTCUSD_PERP,bid,62000,916.24
1727015238712,BTCUSD_PERP,bid,62000,977.62
1727015471076,BTCUSD_PERP,bid,61900,915.76
1727015471181,BTCUSD_PERP,bid,61900,977.11
1727015517071,BTCUSD_PERP,bid,61900,732.96
1727015517165,BTCUSD_PERP,bid,62000,733.33
1727015517267,BTCUSD_PERP,bid,62000,855.47
1727015517367,BTCUSD_PERP,bid,61900,535.42
1727015517367,BTCUSD_PERP,bid,62000,916.85
1727015517890,BTCUSD_PERP,bid,62000,977.6
1727015577551,BTCUSD_PERP,bid,62000,550.45
1727015577650,BTCUSD_PERP,bid,62000,489.07
1727015635857,BTCUSD_PERP,bid,62000,489.39
1727015636262,BTCUSD_PERP,bid,62000,550.19
1727015660315,BTCUSD_PERP,bid,62000,550.34
1727015660315,BTCUSD_PERP,ask,63200,478.83
1727015864243,BTCUSD_PERP,bid,62000,550.19
1727015865777,BTCUSD_PERP,bid,62000,488.77
1727015867715,BTCUSD_PERP,bid,62000,550.51
1727015909822,BTCUSD_PERP,bid,62000,489.38
1727015942384,BTCUSD_PERP,ask,63200,481.33
1727015942605,BTCUSD_PERP,ask,63200,491.44
1727015942833,BTCUSD_PERP,ask,63200,501.55
1727015942956,BTCUSD_PERP,ask,63200,507.86
1727015945988,BTCUSD_PERP,ask,63200,517.65
1727015984790,BTCUSD_PERP,ask,63200,507.54
1727015991854,BTCUSD_PERP,ask,63200,497.43
1727016002496,BTCUSD_PERP,ask,63200,487.33
1727016002806,BTCUSD_PERP,ask,63200,477.22
1727016139932,BTCUSD_PERP,bid,62000,489.09
1727016153332,BTCUSD_PERP,bid,61900,488.89
1727016158225,BTCUSD_PERP,ask,63100,497.84
1727016229253,BTCUSD_PERP,bid,62000,549.96
1727016229357,BTCUSD_PERP,bid,62000,610.72
1727016229456,BTCUSD_PERP,bid,62000,732.77
1727016229561,BTCUSD_PERP,bid,62000,793.53
1727016229758,BTCUSD_PERP,bid,62000,854.91
1727016229857,BTCUSD_PERP,bid,61900,489.5
1727016229958,BTCUSD_PERP,bid,62000,916.29
1727016334207,BTCUSD_PERP,bid,62000,733.39
1727016334306,BTCUSD_PERP,bid,62000,672.01
1727016334407,BTCUSD_PERP,bid,62000,549.35
1727016334604,BTCUSD_PERP,bid,62000,611.06
1727016335353,BTCUSD_PERP,bid,62000,672.49
1727016335559,BTCUSD_PERP,bid,62000,733.3
1727016387953,BTCUSD_PERP,bid,62000,671.98
1727016388150,BTCUSD_PERP,bid,62000,550.38
1727016388261,BTCUSD_PERP,bid,62000,489.58
1727016545342,BTCUSD_PERP,bid,47000,2388.49
1727016674636,BTCUSD_PERP,bid,62100,488.87
1727016674729,BTCUSD_PERP,bid,62100,550.37
1727016675906,BTCUSD_PERP,bid,62100,552.6
1727016676523,BTCUSD_PERP,bid,62100,554.15
1727016677876,BTCUSD_PERP,bid,62100,571.52
1727016796517,BTCUSD_PERP,bid,62100,569.29
1727016797169,BTCUSD_PERP,bid,62100,567.74
1727016798605,BTCUSD_PERP,bid,62100,550.37
1727017159639,BTCUSD_PERP,bid,62100,551.92
1727017160005,BTCUSD_PERP,bid,62100,554.15
1727017161434,BTCUSD_PERP,bid,62100,571.52
1727017280423,BTCUSD_PERP,bid,62100,569.97
1727017280727,BTCUSD_PERP,bid,62100,567.74
1727017282053,BTCUSD_PERP,bid,62100,550.37
1727017343655,BTCUSD_PERP,bid,62100,488.87
1727018112078,BTCUSD_PERP,bid,62100,611.22
1727018112169,BTCUSD_PERP,bid,62100,672.73
1727018112281,BTCUSD_PERP,bid,62100,734.24
1727018353989,BTCUSD_PERP,bid,62100,612.15
1727018354105,BTCUSD_PERP,bid,62100,734.6
1727018379881,BTCUSD_PERP,bid,62100,673.06
1727018379973,BTCUSD_PERP,bid,62100,612.15
1727018380089,BTCUSD_PERP,bid,62100,550.61
1727018380185,BTCUSD_PERP,bid,62100,489.7
1727018381307,BTCUSD_PERP,bid,62100,488.7
1727018381546,BTCUSD_PERP,bid,62100,550.27
1727018381647,BTCUSD_PERP,bid,62100,611.84
1727018381991,BTCUSD_PERP,bid,62100,673.41
1727018440782,BTCUSD_PERP,bid,62200,491.54
1727018445005,BTCUSD_PERP,bid,62100,551.0
1727018445414,BTCUSD_PERP,bid,62100,490.06
1727018446793,BTCUSD_PERP,bid,62200,491.17
1727018446903,BTCUSD_PERP,bid,62200,552.14
1727018447006,BTCUSD_PERP,bid,62200,613.12
1727019200280,BTCUSD_PERP,bid,62200,491.16
1727019200280,BTCUSD_PERP,bid,62200,491.79
1727019458746,BTCUSD_PERP,bid,62200,491.21
1727019461385,BTCUSD_PERP,bid,62200,508.6
1727019582105,BTCUSD_PERP,bid,62200,491.21
1727020246292,BTCUSD_PERP,bid,62100,550.62
1727020246394,BTCUSD_PERP,bid,62100,673.07
1727020246495,BTCUSD_PERP,bid,62100,734.61
1727020262042,BTCUSD_PERP,ask,63300,479.43
1727020556709,BTCUSD_PERP,bid,62100,673.07
1727020562904,BTCUSD_PERP,bid,62100,611.53
1727020563612,BTCUSD_PERP,bid,62100,549.99
1727020564325,BTCUSD_PERP,bid,62100,488.45
1727020799814,BTCUSD_PERP,bid,62100,488.21
1727021155242,BTCUSD_PERP,bid,62000,487.66
