2024-09-01 07:02:57,BTCUSDT,ask,59900,632.387
2024-09-01 07:04:02,BTCUSDT,bid,55800,735.752
2024-09-01 07:04:32,BTCUSDT,ask,59900,632.555
2024-09-01 07:05:37,BTCUSDT,bid,47100,800.035
2024-09-01 07:05:37,BTCUSDT,bid,47100,800.035
2024-09-01 07:05:37,BTCUSDT,bid,47100,800.035
2024-09-01 07:05:37,BTCUSDT,bid,47100,800.032
2024-09-01 07:05:37,BTCUSDT,bid,47100,800.032
2024-09-01 07:05:38,BTCUSDT,bid,47100,800.032
2024-09-01 07:05:38,BTCUSDT,bid,47100,800.032
2024-09-01 07:05:38,BTCUSDT,bid,47100,800.032
2024-09-01 07:05:38,BTCUSDT,bid,47100,800.032
2024-09-01 07:05:39,BTCUSDT,bid,47100,800.035
2024-09-01 07:05:39,BTCUSDT,bid,47100,800.035
2024-09-01 07:05:39,BTCUSDT,bid,47100,800.032
2024-09-01 07:05:39,BTCUSDT,bid,47100,800.032
2024-09-01 07:05:39,BTCUSDT,bid,47100,800.036
2024-09-01 07:05:40,BTCUSDT,bid,47100,800.032
2024-09-01 07:05:40,BTCUSDT,bid,47100,800.032
2024-09-01 07:05:40,BTCUSDT,bid,47100,800.032
2024-09-01 07:05:40,BTCUSDT,bid,47100,800.032
2024-09-01 07:05:40,BTCUSDT,bid,47100,800.035
2024-09-01 07:05:41,BTCUSDT,bid,47100,800.032
2024-09-01 07:05:41,BTCUSDT,bid,47100,800.032
2024-09-01 07:05:41,BTCUSDT,bid,47100,800.032
2024-09-01 07:05:41,BTCUSDT,bid,47100,800.032
2024-09-01 07:05:41,BTCUSDT,bid,47100,800.032
2024-09-01 07:05:41,BTCUSDT,bid,47100,800.032
2024-09-01 07:05:42,BTCUSDT,bid,47100,800.032
2024-09-01 07:05:42,BTCUSDT,bid,47100,800.032
2024-09-01 07:05:42,BTCUSDT,bid,47100,800.032
2024-09-01 07:05:42,BTCUSDT,bid,47100,800.035
2024-09-01 07:05:43,BTCUSDT,bid,47100,800.032
2024-09-01 07:05:43,BTCUSDT,bid,47100,800.032
2024-09-01 07:05:43,BTCUSDT,bid,47100,800.035
2024-09-01 07:05:43,BTCUSDT,bid,47100,800.032
2024-09-01 07:05:44,BTCUSDT,bid,47100,800.032
2024-09-01 07:05:44,BTCUSDT,bid,47100,800.032
2024-09-01 07:05:44,BTCUSDT,bid,47100,800.032
2024-09-01 07:05:45,BTCUSDT,bid,47100,800.032
2024-09-01 07:05:45,BTCUSDT,bid,47100,800.032
2024-09-01 07:05:45,BTCUSDT,bid,47100,800.035
2024-09-01 07:05:45,BTCUSDT,bid,47100,800.032
2024-09-01 07:05:45,BTCUSDT,bid,47100,800.035
2024-09-01 07:05:45,BTCUSDT,bid,47100,800.035
2024-09-01 07:05:45,BTCUSDT,bid,47100,800.032
2024-09-01 07:05:46,BTCUSDT,bid,47100,800.032
2024-09-01 07:05:46,BTCUSDT,bid,47100,800.032
2024-09-01 07:05:46,BTCUSDT,bid,47100,800.032
2024-09-01 07:05:46,BTCUSDT,bid,47100,800.032
2024-09-01 07:05:46,BTCUSDT,bid,47100,800.032
2024-09-01 07:05:47,BTCUSDT,bid,47100,800.032
2024-09-01 07:05:47,BTCUSDT,bid,47100,800.032
2024-09-01 07:05:47,BTCUSDT,bid,47100,800.032
2024-09-01 07:05:47,BTCUSDT,bid,47100,800.032
2024-09-01 07:05:47,BTCUSDT,bid,47100,800.032
2024-09-01 07:05:48,BTCUSDT,bid,47100,800.032
2024-09-01 07:05:48,BTCUSDT,bid,47100,800.035
2024-09-01 07:05:48,BTCUSDT,bid,47100,800.032
2024-09-01 07:05:48,BTCUSDT,bid,47100,800.035
2024-09-01 07:05:48,BTCUSDT,bid,47100,800.039
2024-09-01 07:05:48,BTCUSDT,bid,47100,800.032
2024-09-01 07:05:49,BTCUSDT,bid,47100,800.035
2024-09-01 07:05:49,BTCUSDT,bid,47100,800.032
2024-09-01 07:05:49,BTCUSDT,bid,47100,800.032
2024-09-01 07:05:50,BTCUSDT,bid,47100,800.035
2024-09-01 07:05:50,BTCUSDT,bid,47100,800.036
2024-09-01 07:05:50,BTCUSDT,bid,47100,800.032
2024-09-01 07:05:50,BTCUSDT,bid,47100,800.035
2024-09-01 07:05:50,BTCUSDT,bid,47100,800.032
2024-09-01 07:05:50,BTCUSDT,bid,47100,800.032
2024-09-01 07:05:50,BTCUSDT,bid,47100,800.035
2024-09-01 07:05:50,BTCUSDT,bid,47100,800.032
2024-09-01 07:08:10,BTCUSDT,ask,59900,632.355
2024-09-01 07:09:03,BTCUSDT,ask,59900,632.352
2024-09-01 07:11:22,BTCUSDT,ask,59900,632.35
2024-09-01 07:12:24,BTCUSDT,ask,59900,632.353
2024-09-01 07:13:58,BTCUSDT,ask,59900,633.17
2024-09-01 07:14:16,BTCUSDT,bid,47000,894.775
2024-09-01 07:14:28,BTCUSDT,ask,59900,632.353
2024-09-01 07:16:14,BTCUSDT,ask,59900,632.396
2024-09-01 07:16:35,BTCUSDT,ask,59900,632.394
2024-09-01 07:17:31,BTCUSDT,ask,59900,632.352
2024-09-01 07:12:59,BTCUSD_PERP,ask,59600,510.64
2024-09-01 07:13:04,BTCUSD_PERP,ask,59600,516.59
2024-09-01 07:13:07,BTCUSD_PERP,ask,59600,522.55
2024-09-01 07:13:27,BTCUSD_PERP,ask,59600,513.02
2024-09-01 07:13:34,BTCUSD_PERP,ask,59600,503.49
2024-09-01 07:16:28,BTCUSD_PERP,bid,58500,576.3
2024-09-01 07:16:29,BTCUSD_PERP,bid,58500,634.29
2024-09-01 07:16:29,BTCUSD_PERP,bid,58500,692.28
2024-09-01 07:17:01,BTCUSD_PERP,bid,58500,634.89
2024-09-01 07:17:02,BTCUSD_PERP,bid,58500,520.11
2024-09-01 07:17:03,BTCUSD_PERP,bid,58500,519.2
