2024-09-10 08:25:47,SOLUSDT,bid,125,8837.0
2024-09-10 08:26:01,SOLUSDT,ask,145,17213.0
2024-09-10 08:26:02,SOLUSDT,bid,123,8182.0
2024-09-10 08:26:42,SOLUSDT,bid,115,11331.0
2024-09-10 08:26:44,SOLUSDT,bid,125,8839.0
2024-09-10 08:27:06,SOLUSDT,bid,125,8847.0
2024-09-10 08:27:18,SOLUSDT,bid,130,9222.0
2024-09-10 08:27:33,SOLUSDT,bid,130,8267.0
2024-09-10 08:27:46,SOLUSDT,bid,130,8268.0
2024-09-10 08:28:27,SOLUSDT,bid,125,8838.0
2024-09-10 08:28:42,SOLUSDT,bid,130,8277.0
2024-09-10 08:28:44,SOLUSDT,ask,145,17200.0
2024-09-10 08:29:02,SOLUSDT,bid,123,8188.0
2024-09-10 08:29:39,SOLUSDT,bid,130,9224.0
2024-09-10 08:29:55,SOLUSDT,bid,130,9225.0
2024-09-10 08:31:02,SOLUSDT,bid,120,12301.0
2024-09-10 08:31:18,SOLUSDT,bid,123,8204.0
2024-09-10 08:31:37,SOLUSDT,bid,120,12291.0
2024-09-10 08:31:41,SOLUSDT,bid,120,12295.0
2024-09-10 08:31:48,SOLUSDT,bid,123,8199.0
2024-09-10 08:31:59,SOLUSDT,ask,139,10021.0
2024-09-10 08:32:00,SOLUSDT,bid,120,12293.0
2024-09-10 08:32:00,SOLUSDT,ask,133,18236.0
2024-09-10 08:32:00,SOLUSDT,ask,133,18236.0
2024-09-10 08:32:01,SOLUSDT,ask,133,18240.0
2024-09-10 08:32:01,SOLUSDT,ask,133,18237.0
2024-09-10 08:32:01,SOLUSDT,ask,133,18239.0
2024-09-10 08:32:03,SOLUSDT,ask,133,18236.0
2024-09-10 08:32:04,SOLUSDT,ask,133,18239.0
2024-09-10 08:32:04,SOLUSDT,ask,133,18241.0
2024-09-10 08:32:04,SOLUSDT,ask,133,18239.0
2024-09-10 08:32:06,SOLUSDT,ask,133,18160.0
2024-09-10 08:32:06,SOLUSDT,ask,133,18228.0
2024-09-10 08:32:06,SOLUSDT,ask,133,18234.0
2024-09-10 08:32:06,SOLUSDT,ask,133,18239.0
2024-09-10 08:32:06,SOLUSDT,ask,133,17240.0
2024-09-10 08:32:06,SOLUSDT,ask,133,17243.0
2024-09-10 08:32:06,SOLUSDT,ask,133,17305.0
2024-09-10 08:32:06,SOLUSDT,ask,133,17314.0
2024-09-10 08:32:07,SOLUSDT,ask,133,17366.0
2024-09-10 08:32:07,SOLUSDT,ask,133,17366.0
2024-09-10 08:32:07,SOLUSDT,ask,133,17267.0
2024-09-10 08:32:08,SOLUSDT,ask,133,17259.0
2024-09-10 08:32:09,SOLUSDT,ask,133,17249.0
2024-09-10 08:32:10,SOLUSDT,ask,133,17246.0
2024-09-10 08:32:10,SOLUSDT,ask,133,12102.0
2024-09-10 08:32:10,SOLUSDT,ask,133,11684.0
2024-09-10 08:32:10,SOLUSDT,ask,133,11627.0
2024-09-10 08:32:10,SOLUSDT,ask,133,11630.0
2024-09-10 08:32:10,SOLUSDT,ask,133,11639.0
2024-09-10 08:32:11,SOLUSDT,ask,133,11633.0
2024-09-10 08:32:11,SOLUSDT,ask,133,11630.0
2024-09-10 08:32:11,SOLUSDT,ask,133,11630.0
2024-09-10 08:32:11,SOLUSDT,ask,133,11535.0
2024-09-10 08:32:11,SOLUSDT,ask,133,11534.0
2024-09-10 08:32:12,SOLUSDT,ask,133,11526.0
2024-09-10 08:32:12,SOLUSDT,ask,133,11527.0
2024-09-10 08:32:13,SOLUSDT,ask,133,11545.0
2024-09-10 08:32:13,SOLUSDT,ask,133,11539.0
2024-09-10 08:32:13,SOLUSDT,ask,133,11527.0
2024-09-10 08:32:13,SOLUSDT,ask,133,11502.0
2024-09-10 08:32:14,SOLUSDT,ask,133,11503.0
2024-09-10 08:32:14,SOLUSDT,ask,133,11503.0
2024-09-10 08:32:14,SOLUSDT,ask,133,11508.0
2024-09-10 08:32:14,SOLUSDT,ask,133,11505.0
2024-09-10 08:32:14,SOLUSDT,ask,133,11504.0
2024-09-10 08:32:14,SOLUSDT,ask,133,11505.0
2024-09-10 08:32:15,SOLUSDT,ask,133,11505.0
2024-09-10 08:32:15,SOLUSDT,ask,133,11499.0
2024-09-10 08:32:15,SOLUSDT,ask,133,11498.0
2024-09-10 08:32:16,SOLUSDT,ask,133,11512.0
2024-09-10 08:32:16,SOLUSDT,ask,133,11517.0
2024-09-10 08:32:17,SOLUSDT,ask,133,11523.0
2024-09-10 08:32:17,SOLUSDT,ask,133,11517.0
2024-09-10 08:32:17,SOLUSDT,ask,133,11513.0
2024-09-10 08:32:17,SOLUSDT,ask,133,11517.0
2024-09-10 08:32:18,SOLUSDT,ask,133,11512.0
2024-09-10 08:32:18,SOLUSDT,ask,133,11504.0
2024-09-10 08:32:18,SOLUSDT,ask,133,11521.0
2024-09-10 08:32:18,SOLUSDT,ask,133,11516.0
2024-09-10 08:32:18,SOLUSDT,ask,133,11517.0
2024-09-10 08:32:19,SOLUSDT,ask,133,11507.0
2024-09-10 08:32:19,SOLUSDT,ask,133,11530.0
2024-09-10 08:32:19,SOLUSDT,ask,133,11530.0
2024-09-10 08:32:49,SOLUSDT,ask,139,10000.0
2024-09-10 08:33:21,SOLUSDT,bid,120,12294.0
2024-09-10 08:33:29,SOLUSDT,bid,120,12293.0
2024-09-10 08:34:00,SOLUSDT,bid,125,8844.0
2024-09-10 08:34:33,SOLUSDT,bid,120,12294.0
2024-09-10 08:34:42,SOLUSDT,bid,120,12293.0
2024-09-10 08:34:45,SOLUSDT,ask,139,10000.0
2024-09-10 08:34:45,SOLUSDT,ask,139,10001.0
2024-09-10 08:34:45,SOLUSDT,ask,139,10000.0
2024-09-10 08:35:25,SOLUSDT,bid,130,15647.0
2024-09-10 08:35:37,SOLUSDT,bid,130,15677.0
2024-09-10 08:36:09,SOLUSDT,bid,125,8864.0
2024-09-10 08:36:14,SOLUSDT,bid,130,15640.0
2024-09-10 08:36:35,SOLUSDT,bid,130,15610.0
2024-09-10 08:37:14,SOLUSDT,bid,85,28535.0
2024-09-10 08:37:14,SOLUSDT,bid,111,9875.0
2024-09-10 08:37:14,SOLUSDT,bid,117,8664.0
2024-09-10 08:37:14,SOLUSDT,bid,130,9224.0
2024-09-10 08:37:26,SOLUSDT,bid,130,9217.0
2024-09-10 08:37:39,SOLUSDT,bid,120,12296.0
2024-09-10 08:37:40,SOLUSDT,bid,120,12496.0
2024-09-10 08:38:13,SOLUSDT,bid,130,9221.0
2024-09-10 08:38:30,SOLUSDT,bid,120,32496.0
2024-09-10 08:40:08,SOLUSDT,bid,125,8854.0
2024-09-10 08:40:14,SOLUSDT,bid,120,32495.0
2024-09-10 08:40:14,SOLUSDT,ask,137,7344.0
2024-09-10 08:40:25,SOLUSDT,ask,137,7342.0
2024-09-10 08:40:27,SOLUSDT,bid,130,9219.0
