2024-09-11 12:11:37,BTCUSDT,bid,47500,639.972
2024-09-11 12:26:06,BTCUSDT,bid,47000,897.287
2024-09-11 12:26:44,BTCUSDT,bid,47500,639.969
2024-09-11 12:30:28,BTCUSDT,bid,47500,639.919
2024-09-11 12:36:42,BTCUSDT,bid,47300,807.711
2024-09-11 12:42:55,BTCUSDT,bid,47000,897.29
2024-09-11 12:46:14,BTCUSDT,bid,47000,897.287
2024-09-11 12:47:11,BTCUSDT,bid,47300,807.701
2024-09-11 12:58:14,BTCUSDT,bid,47000,897.29
2024-09-11 13:03:50,BTCUSDT,bid,47000,897.21
2024-09-11 13:03:54,BTCUSDT,bid,47000,897.216
2024-09-11 13:04:27,BTCUSDT,bid,47000,897.259
2024-09-11 13:04:49,BTCUSDT,bid,47000,897.33
2024-09-11 13:06:11,BTCUSDT,bid,47000,897.38
2024-09-11 13:08:11,BTCUSDT,bid,47500,638.867
2024-09-11 13:17:38,BTCUSDT,bid,47000,897.337
2024-09-11 13:30:17,BTCUSDT,bid,47000,897.32
2024-09-11 13:44:30,BTCUSDT,bid,47000,897.425
2024-09-11 13:55:06,BTCUSDT,bid,47500,638.87
2024-09-11 13:55:06,BTCUSDT,bid,47500,638.873
2024-09-11 13:55:06,BTCUSDT,bid,47500,638.876
2024-09-11 13:55:20,BTCUSDT,bid,47500,638.867
2024-09-11 14:55:09,BTCUSDT,bid,47000,897.28
2024-09-11 15:02:12,BTCUSDT,bid,47000,898.186
2024-09-11 15:21:12,BTCUSDT,bid,47000,897.878
2024-09-11 15:42:43,BTCUSDT,bid,47000,903.586
2024-09-11 15:43:07,BTCUSDT,bid,47000,902.133
2024-09-11 15:55:48,BTCUSDT,bid,47500,638.894
2024-09-11 15:56:04,BTCUSDT,bid,47500,638.885
2024-09-11 16:25:06,BTCUSDT,bid,56400,1000.052
2024-09-11 16:25:44,BTCUSDT,ask,56400,1000.012
2024-09-11 16:26:01,BTCUSDT,ask,56400,1000.116
2024-09-11 16:26:07,BTCUSDT,ask,56400,1000.106
2024-09-11 16:27:13,BTCUSDT,bid,56400,1000.004
2024-09-11 16:27:26,BTCUSDT,bid,56400,1000.044
2024-09-11 16:27:26,BTCUSDT,bid,56400,1000.004
2024-09-11 16:27:33,BTCUSDT,bid,56400,1000.098
2024-09-11 16:27:54,BTCUSDT,bid,56400,1000.12
2024-09-11 16:27:55,BTCUSDT,bid,56400,1000.201
2024-09-11 16:28:31,BTCUSDT,ask,56400,1001.335
2024-09-11 16:28:31,BTCUSDT,ask,56400,1000.653
2024-09-11 16:28:32,BTCUSDT,ask,56400,1000.582
2024-09-11 16:28:32,BTCUSDT,ask,56400,1000.44
2024-09-11 16:28:33,BTCUSDT,ask,56400,1000.44
2024-09-11 16:28:34,BTCUSDT,ask,56400,1000.23
2024-09-11 16:28:35,BTCUSDT,ask,56400,1000.212
2024-09-11 16:28:36,BTCUSDT,ask,56400,1000.275
2024-09-11 16:33:26,BTCUSDT,bid,47000,902.18
2024-09-11 16:40:45,BTCUSDT,bid,47000,902.133
2024-09-11 16:45:26,BTCUSDT,bid,47000,902.123
2024-09-11 16:55:18,BTCUSDT,bid,47000,902.845
2024-09-11 12:07:13,BTCUSD_PERP,bid,55800,551.62
2024-09-11 12:07:25,BTCUSD_PERP,bid,55900,551.92
2024-09-11 12:10:25,BTCUSD_PERP,bid,55900,552.22
2024-09-11 12:11:07,BTCUSD_PERP,bid,55900,717.34
2024-09-11 12:11:07,BTCUSD_PERP,bid,55900,992.45
2024-09-11 12:11:07,BTCUSD_PERP,bid,55900,1047.81
2024-09-11 12:11:15,BTCUSD_PERP,bid,55900,992.45
2024-09-11 12:11:15,BTCUSD_PERP,bid,55900,937.65
2024-09-11 12:11:15,BTCUSD_PERP,bid,55900,828.06
2024-09-11 12:11:15,BTCUSD_PERP,bid,55900,607.18
2024-09-11 12:11:15,BTCUSD_PERP,bid,55800,662.18
2024-09-11 12:12:23,BTCUSD_PERP,bid,55800,606.52
2024-09-11 12:12:23,BTCUSD_PERP,bid,55800,661.26
2024-09-11 12:12:52,BTCUSD_PERP,bid,55800,936.13
2024-09-11 12:12:52,BTCUSD_PERP,bid,55800,991.4
2024-09-11 12:15:58,BTCUSD_PERP,bid,55800,550.67
2024-09-11 12:18:42,BTCUSD_PERP,bid,55800,936.12
2024-09-11 12:18:42,BTCUSD_PERP,bid,55800,991.39
2024-09-11 12:20:40,BTCUSD_PERP,bid,55800,549.89
2024-09-11 12:20:40,BTCUSD_PERP,bid,55800,991.26
2024-09-11 12:20:40,BTCUSD_PERP,bid,55800,1101.84
2024-09-11 12:22:13,BTCUSD_PERP,bid,55800,1046.55
2024-09-11 12:22:13,BTCUSD_PERP,bid,55800,551.79
2024-09-11 12:22:13,BTCUSD_PERP,bid,55800,1045.93
2024-09-11 12:22:13,BTCUSD_PERP,bid,55800,1101.19
2024-09-11 12:22:21,BTCUSD_PERP,bid,55800,990.67
2024-09-11 12:22:22,BTCUSD_PERP,bid,55800,935.97
2024-09-11 12:22:22,BTCUSD_PERP,bid,55800,880.71
2024-09-11 12:22:22,BTCUSD_PERP,bid,55800,825.45
2024-09-11 12:22:22,BTCUSD_PERP,bid,55800,714.93
2024-09-11 12:22:22,BTCUSD_PERP,bid,55800,604.41
2024-09-11 12:22:22,BTCUSD_PERP,bid,55800,551.31
2024-09-11 12:22:22,BTCUSD_PERP,bid,55800,606.61
2024-09-11 12:22:22,BTCUSD_PERP,bid,55800,716.55
2024-09-11 12:22:23,BTCUSD_PERP,bid,55800,771.85
2024-09-11 12:22:23,BTCUSD_PERP,bid,55800,826.59
2024-09-11 12:22:23,BTCUSD_PERP,bid,55800,881.89
2024-09-11 12:22:23,BTCUSD_PERP,bid,55800,936.63
2024-09-11 12:22:23,BTCUSD_PERP,bid,55800,991.37
2024-09-11 12:22:40,BTCUSD_PERP,bid,55800,770.73
2024-09-11 12:22:40,BTCUSD_PERP,bid,55800,936.14
2024-09-11 12:22:40,BTCUSD_PERP,bid,55800,1046.12
2024-09-11 12:22:40,BTCUSD_PERP,bid,55800,1101.39
2024-09-11 12:23:21,BTCUSD_PERP,bid,47000,2439.79
2024-09-11 12:23:27,BTCUSD_PERP,bid,55800,936.7
2024-09-11 12:23:28,BTCUSD_PERP,bid,55800,881.43
2024-09-11 12:23:28,BTCUSD_PERP,bid,55800,826.16
2024-09-11 12:23:28,BTCUSD_PERP,bid,55800,716.74
2024-09-11 12:23:28,BTCUSD_PERP,bid,55800,661.47
2024-09-11 12:23:28,BTCUSD_PERP,bid,55800,606.2
2024-09-11 12:23:28,BTCUSD_PERP,bid,55700,551.28
2024-09-11 12:23:29,BTCUSD_PERP,bid,55700,606.42
2024-09-11 12:23:29,BTCUSD_PERP,bid,55700,661.66
2024-09-11 12:23:29,BTCUSD_PERP,bid,55700,771.58
2024-09-11 12:23:29,BTCUSD_PERP,bid,55700,881.49
2024-09-11 12:23:29,BTCUSD_PERP,bid,55700,936.17
2024-09-11 12:23:44,BTCUSD_PERP,bid,55800,1045.99
2024-09-11 12:23:44,BTCUSD_PERP,bid,55800,1101.25
2024-09-11 12:24:35,BTCUSD_PERP,bid,55800,1045.99
2024-09-11 12:24:35,BTCUSD_PERP,bid,55800,991.12
2024-09-11 12:24:36,BTCUSD_PERP,bid,55800,1046.36
2024-09-11 12:26:52,BTCUSD_PERP,bid,55800,936.44
2024-09-11 12:26:52,BTCUSD_PERP,bid,55800,881.2
2024-09-11 12:26:53,BTCUSD_PERP,bid,55800,826.52
2024-09-11 12:26:53,BTCUSD_PERP,bid,55800,771.84
2024-09-11 12:26:53,BTCUSD_PERP,bid,55800,661.36
2024-09-11 12:26:53,BTCUSD_PERP,bid,55800,606.68
2024-09-11 12:26:53,BTCUSD_PERP,bid,55700,549.86
2024-09-11 12:26:53,BTCUSD_PERP,bid,55700,659.16
2024-09-11 12:26:53,BTCUSD_PERP,bid,55700,769.0
2024-09-11 12:26:54,BTCUSD_PERP,bid,55700,879.32
2024-09-11 12:26:54,BTCUSD_PERP,bid,55700,934.53
2024-09-11 12:27:27,BTCUSD_PERP,bid,55700,550.42
2024-09-11 12:27:27,BTCUSD_PERP,bid,55700,604.52
2024-09-11 12:27:27,BTCUSD_PERP,bid,55700,659.69
2024-09-11 12:27:28,BTCUSD_PERP,bid,55700,604.52
2024-09-11 12:27:39,BTCUSD_PERP,bid,55700,549.45
2024-09-11 12:27:41,BTCUSD_PERP,bid,55700,549.25
2024-09-11 12:27:41,BTCUSD_PERP,bid,55700,659.65
2024-09-11 12:27:41,BTCUSD_PERP,bid,55700,714.85
2024-09-11 12:27:51,BTCUSD_PERP,bid,55700,659.65
2024-09-11 12:27:51,BTCUSD_PERP,bid,55700,605.0
2024-09-11 12:27:51,BTCUSD_PERP,bid,55700,549.8
2024-09-11 12:27:56,BTCUSD_PERP,bid,55700,604.36
2024-09-11 12:27:56,BTCUSD_PERP,bid,55700,714.21
2024-09-11 12:28:18,BTCUSD_PERP,bid,55700,713.76
2024-09-11 12:28:34,BTCUSD_PERP,bid,55700,658.59
2024-09-11 12:29:39,BTCUSD_PERP,bid,55600,549.25
2024-09-11 12:31:15,BTCUSD_PERP,bid,55600,549.59
2024-09-11 12:31:15,BTCUSD_PERP,bid,55600,604.14
2024-09-11 12:31:15,BTCUSD_PERP,bid,55600,659.25
2024-09-11 12:31:16,BTCUSD_PERP,bid,55600,714.36
2024-09-11 12:31:16,BTCUSD_PERP,bid,55600,769.47
2024-09-11 12:31:18,BTCUSD_PERP,bid,55600,771.47
2024-09-11 12:31:22,BTCUSD_PERP,bid,55600,551.59
2024-09-11 12:31:23,BTCUSD_PERP,bid,55700,549.15
2024-09-11 12:31:24,BTCUSD_PERP,bid,55700,713.91
2024-09-11 12:31:24,BTCUSD_PERP,bid,55700,768.49
2024-09-11 12:32:06,BTCUSD_PERP,bid,55700,713.91
2024-09-11 12:32:06,BTCUSD_PERP,bid,55700,659.33
2024-09-11 12:32:07,BTCUSD_PERP,bid,55700,604.19
2024-09-11 12:32:07,BTCUSD_PERP,bid,55700,549.05
2024-09-11 12:32:26,BTCUSD_PERP,bid,55700,604.6
2024-09-11 12:32:26,BTCUSD_PERP,bid,55700,714.38
2024-09-11 12:32:27,BTCUSD_PERP,bid,55700,768.99
2024-09-11 12:32:30,BTCUSD_PERP,bid,55700,769.12
2024-09-11 12:32:31,BTCUSD_PERP,bid,55700,769.25
2024-09-11 12:38:58,BTCUSD_PERP,bid,55700,550.32
2024-09-11 12:38:58,BTCUSD_PERP,bid,55700,660.05
2024-09-11 12:38:58,BTCUSD_PERP,bid,55700,715.25
2024-09-11 12:40:12,BTCUSD_PERP,bid,55700,660.61
2024-09-11 12:40:12,BTCUSD_PERP,bid,55700,605.26
2024-09-11 12:40:12,BTCUSD_PERP,bid,55700,660.43
2024-09-11 12:40:41,BTCUSD_PERP,bid,55700,550.09
2024-09-11 12:40:42,BTCUSD_PERP,bid,55700,605.44
2024-09-11 12:40:43,BTCUSD_PERP,bid,55700,660.64
2024-09-11 12:40:43,BTCUSD_PERP,bid,55700,715.29
2024-09-11 12:40:56,BTCUSD_PERP,bid,55700,660.09
2024-09-11 12:40:56,BTCUSD_PERP,bid,55700,605.44
2024-09-11 12:40:56,BTCUSD_PERP,bid,55700,550.24
2024-09-11 12:41:28,BTCUSD_PERP,bid,55700,714.75
2024-09-11 12:41:28,BTCUSD_PERP,bid,55700,769.95
2024-09-11 12:42:43,BTCUSD_PERP,bid,55700,715.5
2024-09-11 12:42:43,BTCUSD_PERP,bid,55700,770.74
2024-09-11 12:43:29,BTCUSD_PERP,bid,55700,716.06
2024-09-11 12:43:29,BTCUSD_PERP,bid,55700,606.15
2024-09-11 12:43:29,BTCUSD_PERP,bid,55700,550.91
2024-09-11 12:47:00,BTCUSD_PERP,bid,55700,604.68
2024-09-11 12:47:01,BTCUSD_PERP,bid,55700,659.91
2024-09-11 12:47:30,BTCUSD_PERP,bid,55700,605.23
2024-09-11 12:47:31,BTCUSD_PERP,bid,55700,550.0
2024-09-11 12:47:32,BTCUSD_PERP,bid,55700,549.12
2024-09-11 12:47:42,BTCUSD_PERP,bid,55700,550.48
2024-09-11 12:47:43,BTCUSD_PERP,bid,55700,825.21
2024-09-11 12:47:43,BTCUSD_PERP,bid,55700,880.38
2024-09-11 12:48:01,BTCUSD_PERP,bid,55700,825.77
2024-09-11 12:48:01,BTCUSD_PERP,bid,55700,715.99
2024-09-11 12:48:02,BTCUSD_PERP,bid,55700,660.82
2024-09-11 12:48:02,BTCUSD_PERP,bid,55700,550.48
2024-09-11 12:51:11,BTCUSD_PERP,bid,55800,541.87
2024-09-11 12:54:18,BTCUSD_PERP,bid,55700,551.74
2024-09-11 12:57:09,BTCUSD_PERP,bid,55700,550.48
2024-09-11 12:57:09,BTCUSD_PERP,bid,55700,715.42
2024-09-11 12:57:56,BTCUSD_PERP,bid,55700,660.35
2024-09-11 12:57:56,BTCUSD_PERP,bid,55700,605.18
2024-09-11 12:57:56,BTCUSD_PERP,bid,55700,550.01
2024-09-11 12:57:57,BTCUSD_PERP,bid,55700,549.65
2024-09-11 12:57:57,BTCUSD_PERP,bid,55700,604.85
2024-09-11 12:59:15,BTCUSD_PERP,bid,55700,549.65
2024-09-11 13:00:00,BTCUSD_PERP,bid,55700,604.85
2024-09-11 13:00:00,BTCUSD_PERP,bid,55700,660.05
2024-09-11 13:01:18,BTCUSD_PERP,bid,55700,605.41
2024-09-11 13:01:18,BTCUSD_PERP,bid,55700,550.21
2024-09-11 13:01:19,BTCUSD_PERP,bid,55700,549.91
2024-09-11 13:01:20,BTCUSD_PERP,bid,55700,604.52
2024-09-11 13:01:20,BTCUSD_PERP,bid,55700,659.69
2024-09-11 13:02:26,BTCUSD_PERP,bid,55600,604.19
2024-09-11 13:02:27,BTCUSD_PERP,bid,55600,659.33
2024-09-11 13:03:45,BTCUSD_PERP,bid,55600,550.17
2024-09-11 13:03:47,BTCUSD_PERP,bid,55700,550.77
2024-09-11 13:04:04,BTCUSD_PERP,bid,55700,563.32
2024-09-11 13:04:04,BTCUSD_PERP,bid,55700,618.54
2024-09-11 13:04:04,BTCUSD_PERP,bid,55700,673.76
2024-09-11 13:04:04,BTCUSD_PERP,bid,55700,728.98
2024-09-11 13:04:37,BTCUSD_PERP,bid,55700,674.32
2024-09-11 13:04:37,BTCUSD_PERP,bid,55700,564.44
2024-09-11 13:04:38,BTCUSD_PERP,bid,55800,551.38
2024-09-11 13:04:38,BTCUSD_PERP,bid,55800,661.31
2024-09-11 13:04:38,BTCUSD_PERP,bid,55800,716.46
2024-09-11 13:04:39,BTCUSD_PERP,bid,55800,826.4
2024-09-11 13:04:39,BTCUSD_PERP,bid,55800,881.65
2024-09-11 13:04:39,BTCUSD_PERP,bid,55800,936.34
2024-09-11 13:04:44,BTCUSD_PERP,bid,47000,2439.8
2024-09-11 13:06:08,BTCUSD_PERP,bid,55800,881.09
2024-09-11 13:06:08,BTCUSD_PERP,bid,55800,825.84
2024-09-11 13:06:08,BTCUSD_PERP,bid,55800,770.69
2024-09-11 13:06:08,BTCUSD_PERP,bid,55800,606.06
2024-09-11 13:57:12,BTCUSD_PERP,bid,55900,551.76
2024-09-11 13:57:52,BTCUSD_PERP,bid,55900,606.55
2024-09-11 13:58:17,BTCUSD_PERP,bid,55900,551.15
2024-09-11 13:58:19,BTCUSD_PERP,bid,55900,606.92
2024-09-11 13:58:57,BTCUSD_PERP,bid,55900,551.79
2024-09-11 13:58:58,BTCUSD_PERP,bid,55900,607.19
2024-09-11 14:01:24,BTCUSD_PERP,bid,56000,551.99
2024-09-11 14:01:25,BTCUSD_PERP,bid,56000,565.42
2024-09-11 14:02:58,BTCUSD_PERP,bid,56000,553.42
2024-09-11 14:02:58,BTCUSD_PERP,bid,56000,608.35
2024-09-11 14:02:58,BTCUSD_PERP,bid,56000,663.3
2024-09-11 14:04:40,BTCUSD_PERP,bid,56000,662.4
2024-09-11 14:04:40,BTCUSD_PERP,bid,56000,717.88
2024-09-11 14:07:30,BTCUSD_PERP,bid,56000,662.4
2024-09-11 14:07:30,BTCUSD_PERP,bid,56000,606.92
2024-09-11 14:07:30,BTCUSD_PERP,bid,56000,551.44
2024-09-11 14:07:31,BTCUSD_PERP,bid,56000,552.76
2024-09-11 14:07:31,BTCUSD_PERP,bid,56000,607.71
2024-09-11 14:07:31,BTCUSD_PERP,bid,56000,663.22
2024-09-11 14:07:31,BTCUSD_PERP,bid,56000,718.73
2024-09-11 14:07:32,BTCUSD_PERP,bid,56000,773.68
2024-09-11 14:07:32,BTCUSD_PERP,bid,56000,994.58
2024-09-11 14:07:32,BTCUSD_PERP,bid,56000,1050.09
2024-09-11 14:10:37,BTCUSD_PERP,bid,56000,995.16
2024-09-11 14:10:38,BTCUSD_PERP,bid,56000,774.24
2024-09-11 14:10:38,BTCUSD_PERP,bid,55900,759.91
2024-09-11 14:10:38,BTCUSD_PERP,bid,56000,883.65
2024-09-11 14:10:38,BTCUSD_PERP,bid,56000,994.61
2024-09-11 14:10:38,BTCUSD_PERP,bid,55900,815.29
2024-09-11 14:11:24,BTCUSD_PERP,bid,56000,939.69
2024-09-11 14:11:24,BTCUSD_PERP,bid,56000,828.73
2024-09-11 14:11:24,BTCUSD_PERP,bid,56000,773.25
2024-09-11 14:11:24,BTCUSD_PERP,bid,55900,759.91
2024-09-11 14:11:24,BTCUSD_PERP,bid,56000,662.85
2024-09-11 14:11:24,BTCUSD_PERP,bid,56000,607.37
2024-09-11 14:11:25,BTCUSD_PERP,bid,55900,649.07
2024-09-11 14:11:25,BTCUSD_PERP,bid,56000,552.45
2024-09-11 14:11:25,BTCUSD_PERP,bid,55900,607.5
2024-09-11 14:11:25,BTCUSD_PERP,bid,56000,608.93
2024-09-11 14:11:25,BTCUSD_PERP,bid,56000,663.87
2024-09-11 14:11:25,BTCUSD_PERP,bid,56000,774.79
2024-09-11 14:11:25,BTCUSD_PERP,bid,56000,829.74
2024-09-11 14:11:26,BTCUSD_PERP,bid,56000,884.69
2024-09-11 14:11:26,BTCUSD_PERP,bid,56000,995.15
2024-09-11 14:14:56,BTCUSD_PERP,bid,56000,939.64
2024-09-11 14:14:56,BTCUSD_PERP,bid,56000,828.75
2024-09-11 14:16:12,BTCUSD_PERP,bid,56000,773.27
2024-09-11 14:16:12,BTCUSD_PERP,bid,56000,717.79
2024-09-11 14:16:12,BTCUSD_PERP,bid,56000,662.87
2024-09-11 14:16:12,BTCUSD_PERP,bid,56000,607.95
2024-09-11 14:16:13,BTCUSD_PERP,bid,56000,552.25
2024-09-11 14:16:13,BTCUSD_PERP,bid,56000,663.29
2024-09-11 14:16:14,BTCUSD_PERP,bid,56000,718.24
2024-09-11 14:16:14,BTCUSD_PERP,bid,56000,828.71
2024-09-11 14:16:14,BTCUSD_PERP,bid,56000,884.23
2024-09-11 14:16:44,BTCUSD_PERP,bid,56000,773.19
2024-09-11 14:16:44,BTCUSD_PERP,bid,56000,718.24
2024-09-11 14:16:44,BTCUSD_PERP,bid,56000,662.72
2024-09-11 14:16:44,BTCUSD_PERP,bid,56000,552.82
2024-09-11 14:33:44,BTCUSD_PERP,bid,56100,665.05
2024-09-11 14:33:44,BTCUSD_PERP,bid,56100,720.62
2024-09-11 14:40:08,BTCUSD_PERP,bid,56100,665.05
2024-09-11 14:40:09,BTCUSD_PERP,bid,56100,553.62
2024-09-11 14:41:26,BTCUSD_PERP,bid,56100,553.91
2024-09-11 14:43:05,BTCUSD_PERP,bid,56100,554.17
2024-09-11 14:44:45,BTCUSD_PERP,bid,56000,553.86
2024-09-11 14:50:30,BTCUSD_PERP,bid,56100,553.36
2024-09-11 14:50:30,BTCUSD_PERP,bid,56100,608.93
2024-09-11 14:53:47,BTCUSD_PERP,bid,56100,553.36
2024-09-11 14:53:48,BTCUSD_PERP,bid,56100,553.72
2024-09-11 14:54:36,BTCUSD_PERP,bid,56200,554.61
2024-09-11 14:54:36,BTCUSD_PERP,bid,56200,609.69
2024-09-11 14:54:40,BTCUSD_PERP,bid,56200,554.05
2024-09-11 14:54:42,BTCUSD_PERP,bid,56200,554.35
2024-09-11 14:55:38,BTCUSD_PERP,bid,56200,554.35
2024-09-11 14:55:38,BTCUSD_PERP,bid,56200,609.46
2024-09-11 14:55:38,BTCUSD_PERP,bid,56200,720.8
2024-09-11 14:55:38,BTCUSD_PERP,bid,56200,775.91
2024-09-11 14:55:38,BTCUSD_PERP,bid,56200,886.13
2024-09-11 14:56:56,BTCUSD_PERP,bid,56200,831.02
2024-09-11 14:56:56,BTCUSD_PERP,bid,56200,775.91
2024-09-11 14:56:56,BTCUSD_PERP,bid,56200,664.67
2024-09-11 14:56:57,BTCUSD_PERP,bid,56200,609.57
2024-09-11 14:58:30,BTCUSD_PERP,bid,56200,553.23
2024-09-11 15:00:54,BTCUSD_PERP,bid,56200,552.93
2024-09-11 15:00:54,BTCUSD_PERP,bid,56100,540.33
2024-09-11 15:03:10,BTCUSD_PERP,bid,56100,552.63
2024-09-11 15:13:18,BTCUSD_PERP,bid,56100,553.55
2024-09-11 15:13:18,BTCUSD_PERP,bid,56100,609.13
2024-09-11 15:13:18,BTCUSD_PERP,bid,56100,774.77
2024-09-11 15:13:47,BTCUSD_PERP,bid,56100,719.74
2024-09-11 15:13:48,BTCUSD_PERP,bid,56100,774.37
2024-09-11 15:14:39,BTCUSD_PERP,bid,56100,608.26
2024-09-11 15:18:37,BTCUSD_PERP,bid,56100,552.99
2024-09-11 15:18:38,BTCUSD_PERP,bid,56100,608.52
2024-09-11 15:18:38,BTCUSD_PERP,bid,56100,609.69
2024-09-11 15:20:05,BTCUSD_PERP,bid,56100,608.52
2024-09-11 15:23:16,BTCUSD_PERP,bid,56100,553.54
2024-09-11 15:34:34,BTCUSD_PERP,bid,56000,551.51
2024-09-11 15:36:00,BTCUSD_PERP,bid,55900,551.25
2024-09-11 15:36:01,BTCUSD_PERP,bid,55900,606.67
2024-09-11 15:37:22,BTCUSD_PERP,bid,55900,551.82
2024-09-11 15:37:24,BTCUSD_PERP,bid,56000,552.93
2024-09-11 15:37:59,BTCUSD_PERP,bid,55900,552.62
2024-09-11 15:43:34,BTCUSD_PERP,bid,55800,551.62
2024-09-11 15:45:03,BTCUSD_PERP,bid,55800,562.36
2024-09-11 15:45:03,BTCUSD_PERP,bid,55800,617.1
2024-09-11 15:45:34,BTCUSD_PERP,bid,55900,550.69
2024-09-11 15:56:22,BTCUSD_PERP,bid,55900,551.49
2024-09-11 15:56:22,BTCUSD_PERP,bid,55900,606.87
2024-09-11 15:56:23,BTCUSD_PERP,bid,55900,661.7
2024-09-11 15:56:23,BTCUSD_PERP,bid,55900,716.52
2024-09-11 15:56:23,BTCUSD_PERP,bid,55900,771.35
2024-09-11 15:56:23,BTCUSD_PERP,bid,55900,826.73
2024-09-11 15:56:26,BTCUSD_PERP,bid,55900,826.86
2024-09-11 15:59:00,BTCUSD_PERP,bid,55900,826.73
2024-09-11 15:59:42,BTCUSD_PERP,bid,55900,771.01
2024-09-11 15:59:43,BTCUSD_PERP,bid,55900,826.37
2024-09-11 16:01:33,BTCUSD_PERP,bid,55900,661.42
2024-09-11 16:01:34,BTCUSD_PERP,bid,55900,605.91
2024-09-11 16:01:34,BTCUSD_PERP,bid,55900,661.3
2024-09-11 16:01:34,BTCUSD_PERP,bid,55900,771.52
2024-09-11 16:01:34,BTCUSD_PERP,bid,55900,826.91
2024-09-11 16:02:15,BTCUSD_PERP,bid,55900,772.08
2024-09-11 16:02:15,BTCUSD_PERP,bid,55900,661.3
2024-09-11 16:02:16,BTCUSD_PERP,bid,55900,605.91
2024-09-11 16:02:16,BTCUSD_PERP,bid,55900,551.09
2024-09-11 16:02:16,BTCUSD_PERP,bid,55900,550.83
2024-09-11 16:02:16,BTCUSD_PERP,bid,55900,606.25
2024-09-11 16:02:17,BTCUSD_PERP,bid,55900,661.11
2024-09-11 16:02:18,BTCUSD_PERP,bid,55900,674.53
2024-09-11 16:02:22,BTCUSD_PERP,bid,55900,676.54
2024-09-11 16:03:23,BTCUSD_PERP,bid,55900,621.68
2024-09-11 16:03:24,BTCUSD_PERP,bid,55900,566.82
2024-09-11 16:03:24,BTCUSD_PERP,bid,56000,607.0
2024-09-11 16:03:24,BTCUSD_PERP,bid,56000,662.45
2024-09-11 16:03:25,BTCUSD_PERP,bid,56000,717.33
2024-09-11 16:03:25,BTCUSD_PERP,bid,56000,882.54
2024-09-11 16:03:25,BTCUSD_PERP,bid,56000,937.99
2024-09-11 16:04:33,BTCUSD_PERP,bid,56000,938.12
2024-09-11 16:04:35,BTCUSD_PERP,bid,56000,938.25
2024-09-11 16:05:28,BTCUSD_PERP,bid,56000,883.37
2024-09-11 16:05:28,BTCUSD_PERP,bid,56000,662.81
2024-09-11 16:05:29,BTCUSD_PERP,bid,56000,607.93
2024-09-11 16:05:29,BTCUSD_PERP,bid,56000,551.24
2024-09-11 16:05:29,BTCUSD_PERP,bid,56000,606.71
2024-09-11 16:05:29,BTCUSD_PERP,bid,56000,716.53
2024-09-11 16:05:30,BTCUSD_PERP,bid,56000,772.0
2024-09-11 16:05:30,BTCUSD_PERP,bid,56000,828.64
2024-09-11 16:05:30,BTCUSD_PERP,bid,56000,884.11
2024-09-11 16:05:30,BTCUSD_PERP,bid,56000,939.58
2024-09-11 16:06:52,BTCUSD_PERP,bid,56000,717.7
2024-09-11 16:06:53,BTCUSD_PERP,bid,56000,772.13
2024-09-11 16:06:53,BTCUSD_PERP,bid,56000,827.57
2024-09-11 16:09:54,BTCUSD_PERP,bid,56000,772.13
2024-09-11 16:09:55,BTCUSD_PERP,bid,56000,661.81
2024-09-11 16:09:55,BTCUSD_PERP,bid,56000,606.37
2024-09-11 16:09:55,BTCUSD_PERP,bid,56000,551.49
2024-09-11 16:23:18,BTCUSD_PERP,bid,56100,552.79
2024-09-11 16:24:00,BTCUSD_PERP,bid,56100,553.54
2024-09-11 16:24:49,BTCUSD_PERP,bid,56000,553.02
2024-09-11 16:25:29,BTCUSD_PERP,bid,56000,772.78
2024-09-11 16:25:29,BTCUSD_PERP,bid,56000,828.23
2024-09-11 16:25:29,BTCUSD_PERP,bid,56000,883.68
2024-09-11 16:25:58,BTCUSD_PERP,bid,56000,828.23
2024-09-11 16:25:58,BTCUSD_PERP,bid,55900,551.85
2024-09-11 16:25:58,BTCUSD_PERP,bid,55900,827.83
2024-09-11 16:25:58,BTCUSD_PERP,bid,55900,883.25
2024-09-11 16:26:27,BTCUSD_PERP,bid,55900,772.98
2024-09-11 16:26:27,BTCUSD_PERP,bid,55900,717.56
2024-09-11 16:26:27,BTCUSD_PERP,bid,55900,662.14
2024-09-11 16:26:27,BTCUSD_PERP,bid,55900,606.72
2024-09-11 16:26:28,BTCUSD_PERP,bid,55900,551.3
2024-09-11 16:26:28,BTCUSD_PERP,bid,56000,552.92
2024-09-11 16:26:28,BTCUSD_PERP,bid,56000,662.72
2024-09-11 16:26:29,BTCUSD_PERP,bid,56000,717.62
2024-09-11 16:26:29,BTCUSD_PERP,bid,56000,772.98
2024-09-11 16:26:29,BTCUSD_PERP,bid,56000,883.34
2024-09-11 16:26:29,BTCUSD_PERP,bid,56000,993.7
2024-09-11 16:26:51,BTCUSD_PERP,bid,56000,995.71
2024-09-11 16:26:52,BTCUSD_PERP,bid,56000,996.88
2024-09-11 16:26:53,BTCUSD_PERP,bid,56000,1010.31
2024-09-11 16:27:10,BTCUSD_PERP,bid,56000,1010.44
2024-09-11 16:27:48,BTCUSD_PERP,bid,56000,845.19
2024-09-11 16:27:48,BTCUSD_PERP,bid,56000,789.73
2024-09-11 16:27:48,BTCUSD_PERP,bid,56000,734.83
2024-09-11 16:27:49,BTCUSD_PERP,bid,56000,623.91
2024-09-11 16:27:49,BTCUSD_PERP,bid,56000,662.97
2024-09-11 16:27:50,BTCUSD_PERP,bid,56000,717.9
2024-09-11 16:27:50,BTCUSD_PERP,bid,56000,772.83
2024-09-11 16:27:50,BTCUSD_PERP,bid,56000,938.73
2024-09-11 16:27:50,BTCUSD_PERP,bid,56000,994.22
2024-09-11 16:28:30,BTCUSD_PERP,bid,56000,829.44
2024-09-11 16:29:10,BTCUSD_PERP,bid,56000,551.89
2024-09-11 16:29:10,BTCUSD_PERP,bid,56000,662.85
2024-09-11 16:29:10,BTCUSD_PERP,bid,56000,718.33
2024-09-11 16:29:11,BTCUSD_PERP,bid,56000,773.25
2024-09-11 16:29:11,BTCUSD_PERP,bid,56000,773.38
2024-09-11 16:30:03,BTCUSD_PERP,bid,56000,607.51
2024-09-11 16:30:03,BTCUSD_PERP,bid,56000,552.59
2024-09-11 16:42:24,BTCUSD_PERP,bid,56100,553.46
2024-09-11 16:42:24,BTCUSD_PERP,bid,56100,609.04
2024-09-11 16:42:24,BTCUSD_PERP,bid,56100,774.65
2024-09-11 16:42:24,BTCUSD_PERP,bid,56100,830.23
2024-09-11 16:42:25,BTCUSD_PERP,bid,56100,843.68
2024-09-11 16:42:32,BTCUSD_PERP,bid,56100,788.66
2024-09-11 16:42:34,BTCUSD_PERP,bid,56100,608.9
2024-09-11 16:42:34,BTCUSD_PERP,bid,56100,775.63
2024-09-11 16:42:34,BTCUSD_PERP,bid,56100,830.68
2024-09-11 16:42:34,BTCUSD_PERP,bid,56100,885.73
2024-09-11 16:42:34,BTCUSD_PERP,bid,56100,941.34
2024-09-11 16:43:16,BTCUSD_PERP,bid,56100,885.73
2024-09-11 16:43:16,BTCUSD_PERP,bid,56100,830.12
2024-09-11 16:43:17,BTCUSD_PERP,bid,56100,775.07
2024-09-11 16:43:17,BTCUSD_PERP,bid,56100,664.41
2024-09-11 16:43:25,BTCUSD_PERP,bid,56100,609.47
2024-09-11 16:43:28,BTCUSD_PERP,bid,56100,664.53
2024-09-11 16:44:03,BTCUSD_PERP,bid,56100,609.14
2024-09-11 16:48:05,BTCUSD_PERP,bid,56100,568.87
2024-09-11 16:48:05,BTCUSD_PERP,bid,56100,623.92
2024-09-11 16:48:05,BTCUSD_PERP,bid,56100,625.92
2024-09-11 16:48:59,BTCUSD_PERP,bid,56200,554.63
2024-09-11 16:48:59,BTCUSD_PERP,bid,56200,610.27
2024-09-11 16:49:00,BTCUSD_PERP,bid,56200,776.63
2024-09-11 16:49:01,BTCUSD_PERP,bid,56200,832.27
2024-09-11 16:49:01,BTCUSD_PERP,bid,56200,887.91
2024-09-11 16:51:16,BTCUSD_PERP,bid,56200,832.27
2024-09-11 16:51:16,BTCUSD_PERP,bid,56100,775.65
2024-09-11 16:51:16,BTCUSD_PERP,bid,56100,831.26
2024-09-11 16:52:18,BTCUSD_PERP,bid,56100,609.47
2024-09-11 16:52:18,BTCUSD_PERP,bid,56100,554.42
2024-09-11 16:52:19,BTCUSD_PERP,bid,56200,554.33
2024-09-11 16:52:19,BTCUSD_PERP,bid,56200,609.97
2024-09-11 16:52:19,BTCUSD_PERP,bid,56200,665.61
2024-09-11 16:52:19,BTCUSD_PERP,bid,56200,776.33
2024-09-11 16:52:20,BTCUSD_PERP,bid,56200,831.97
2024-09-11 16:52:20,BTCUSD_PERP,bid,56200,887.61
2024-09-11 16:52:20,BTCUSD_PERP,bid,56200,943.25
2024-09-11 16:53:34,BTCUSD_PERP,bid,56200,943.12
2024-09-11 16:53:41,BTCUSD_PERP,bid,56200,942.99
2024-09-11 16:54:06,BTCUSD_PERP,bid,56200,887.35
2024-09-11 16:54:06,BTCUSD_PERP,bid,56200,832.27
2024-09-11 16:54:06,BTCUSD_PERP,bid,56200,776.63
2024-09-11 16:54:06,BTCUSD_PERP,bid,56200,665.91
2024-09-11 16:54:06,BTCUSD_PERP,bid,56200,554.63
2024-09-11 16:54:08,BTCUSD_PERP,bid,56200,556.95
2024-09-11 16:54:08,BTCUSD_PERP,bid,56200,558.12
2024-09-11 16:54:51,BTCUSD_PERP,bid,56200,610.18
2024-09-11 16:54:52,BTCUSD_PERP,bid,56200,665.81
2024-09-11 16:54:55,BTCUSD_PERP,bid,56200,555.1
2024-09-11 16:54:55,BTCUSD_PERP,bid,56100,609.93
2024-09-11 16:54:55,BTCUSD_PERP,bid,56100,665.54
2024-09-11 16:55:13,BTCUSD_PERP,bid,56200,610.26
2024-09-11 16:55:13,BTCUSD_PERP,bid,56200,665.9
2024-09-11 16:58:58,BTCUSD_PERP,bid,56100,609.93
2024-09-11 16:58:59,BTCUSD_PERP,bid,56100,665.54
2024-09-11 17:00:45,BTCUSD_PERP,bid,56100,609.93
2024-09-11 17:00:45,BTCUSD_PERP,bid,56100,554.32
2024-09-11 17:00:47,BTCUSD_PERP,bid,56200,554.63
2024-09-11 17:00:47,BTCUSD_PERP,bid,56200,610.27
2024-09-11 17:01:11,BTCUSD_PERP,bid,56200,555.19
2024-09-11 17:01:11,BTCUSD_PERP,bid,56100,555.45
2024-09-11 17:01:49,BTCUSD_PERP,bid,56100,554.57
2024-09-11 17:03:20,BTCUSD_PERP,bid,56100,665.49
2024-09-11 17:03:20,BTCUSD_PERP,bid,56100,720.49
2024-09-11 17:03:20,BTCUSD_PERP,bid,56100,776.05
2024-09-11 17:03:40,BTCUSD_PERP,bid,56100,875.95
2024-09-11 17:04:24,BTCUSD_PERP,bid,56100,820.39
2024-09-11 17:04:24,BTCUSD_PERP,bid,56100,764.93
2024-09-11 17:04:25,BTCUSD_PERP,bid,56100,709.37
2024-09-11 17:04:25,BTCUSD_PERP,bid,56100,653.81
2024-09-11 17:04:25,BTCUSD_PERP,bid,56100,554.66
2024-09-11 17:04:25,BTCUSD_PERP,bid,56100,609.68
2024-09-11 17:04:26,BTCUSD_PERP,bid,56100,720.29
2024-09-11 17:04:26,BTCUSD_PERP,bid,56100,775.31
2024-09-11 17:04:26,BTCUSD_PERP,bid,56100,941.51
2024-09-11 17:05:44,BTCUSD_PERP,bid,56100,774.84
2024-09-11 17:05:44,BTCUSD_PERP,bid,56100,887.01
2024-09-11 17:05:44,BTCUSD_PERP,bid,56100,997.69
2024-09-11 17:06:10,BTCUSD_PERP,bid,56100,942.07
2024-09-11 17:06:10,BTCUSD_PERP,bid,56100,831.4
2024-09-11 17:06:10,BTCUSD_PERP,bid,56100,776.34
2024-09-11 17:06:11,BTCUSD_PERP,bid,56100,554.98
2024-09-11 17:06:11,BTCUSD_PERP,bid,56100,553.63
2024-09-11 17:06:12,BTCUSD_PERP,bid,56100,719.25
2024-09-11 17:06:12,BTCUSD_PERP,bid,56100,774.83
2024-09-11 17:06:12,BTCUSD_PERP,bid,56100,884.87
2024-09-11 17:06:12,BTCUSD_PERP,bid,56100,1051.51
2024-09-11 17:06:12,BTCUSD_PERP,bid,56100,1107.09
2024-09-11 17:06:12,BTCUSD_PERP,bid,56000,540.36
2024-09-11 17:06:12,BTCUSD_PERP,bid,56100,1162.67
2024-09-11 17:06:13,BTCUSD_PERP,bid,56100,1176.13
2024-09-11 17:06:45,BTCUSD_PERP,bid,56100,1120.55
2024-09-11 17:06:45,BTCUSD_PERP,bid,56100,663.79
2024-09-11 17:06:45,BTCUSD_PERP,bid,56100,995.88
2024-09-11 17:06:45,BTCUSD_PERP,bid,56000,540.08
2024-09-11 17:06:45,BTCUSD_PERP,bid,56100,1051.43
2024-09-11 17:08:40,BTCUSD_PERP,bid,56000,718.94
2024-09-11 17:08:40,BTCUSD_PERP,bid,56000,995.45
2024-09-11 17:08:40,BTCUSD_PERP,bid,56000,539.79
2024-09-11 17:08:41,BTCUSD_PERP,bid,56000,1050.98
2024-09-11 17:09:26,BTCUSD_PERP,bid,56000,994.91
2024-09-11 17:09:26,BTCUSD_PERP,bid,56000,553.27
2024-09-11 17:09:26,BTCUSD_PERP,bid,56000,1050.41
