2024-09-11 12:11:37,BTCUSDT,bid,47500,639.972
2024-09-11 12:26:06,BTCUSDT,bid,47000,897.287
2024-09-11 12:26:44,BTCUSDT,bid,47500,639.969
2024-09-11 12:30:28,BTCUSDT,bid,47500,639.919
2024-09-11 12:36:42,BTCUSDT,bid,47300,807.711
2024-09-11 12:42:55,BTCUSDT,bid,47000,897.29
2024-09-11 12:46:14,BTCUSDT,bid,47000,897.287
2024-09-11 12:47:11,BTCUSDT,bid,47300,807.701
2024-09-11 12:58:14,BTCUSDT,bid,47000,897.29
2024-09-11 13:03:50,BTCUSDT,bid,47000,897.21
2024-09-11 13:03:54,BTCUSDT,bid,47000,897.216
2024-09-11 13:04:27,BTCUSDT,bid,47000,897.259
2024-09-11 13:04:49,BTCUSDT,bid,47000,897.33
2024-09-11 13:06:11,BTCUSDT,bid,47000,897.38
2024-09-11 13:08:11,BTCUSDT,bid,47500,638.867
2024-09-11 13:17:38,BTCUSDT,bid,47000,897.337
2024-09-11 13:30:17,BTCUSDT,bid,47000,897.32
2024-09-11 13:44:30,BTCUSDT,bid,47000,897.425
2024-09-11 13:55:06,BTCUSDT,bid,47500,638.87
2024-09-11 13:55:06,BTCUSDT,bid,47500,638.873
2024-09-11 13:55:06,BTCUSDT,bid,47500,638.876
2024-09-11 13:55:20,BTCUSDT,bid,47500,638.867
2024-09-11 14:55:09,BTCUSDT,bid,47000,897.28
2024-09-11 15:02:12,BTCUSDT,bid,47000,898.186
2024-09-11 15:21:12,BTCUSDT,bid,47000,897.878
2024-09-11 15:42:43,BTCUSDT,bid,47000,903.586
2024-09-11 15:43:07,BTCUSDT,bid,47000,902.133
2024-09-11 15:55:48,BTCUSDT,bid,47500,638.894
2024-09-11 15:56:04,BTCUSDT,bid,47500,638.885
2024-09-11 16:33:26,BTCUSDT,bid,47000,902.18
2024-09-11 16:40:45,BTCUSDT,bid,47000,902.133
2024-09-11 16:45:26,BTCUSDT,bid,47000,902.123
2024-09-11 16:55:18,BTCUSDT,bid,47000,902.845
2024-09-11 17:12:03,BTCUSDT,bid,47000,902.848
2024-09-11 17:26:39,BTCUSDT,bid,47500,639.306
2024-09-11 17:45:24,BTCUSDT,bid,47000,902.852
2024-09-11 17:58:59,BTCUSDT,ask,56400,1000.222
2024-09-11 17:58:59,BTCUSDT,ask,56400,1000.249
2024-09-11 17:59:05,BTCUSDT,ask,56400,700.485
2024-09-11 17:59:05,BTCUSDT,ask,56400,700.136
2024-09-11 17:59:05,BTCUSDT,ask,56400,700.126
2024-09-11 17:59:05,BTCUSDT,ask,56400,700.126
2024-09-11 17:59:10,BTCUSDT,ask,56400,700.128
2024-09-11 17:59:13,BTCUSDT,ask,56400,1000.149
2024-09-11 17:59:17,BTCUSDT,ask,56400,700.136
2024-09-11 17:59:19,BTCUSDT,ask,56400,700.105
2024-09-11 17:59:20,BTCUSDT,ask,56400,700.022
2024-09-11 17:59:20,BTCUSDT,ask,56400,1000.159
2024-09-11 18:01:14,BTCUSDT,bid,56500,1000.2
2024-09-11 18:01:16,BTCUSDT,bid,56500,1000.002
2024-09-11 18:01:17,BTCUSDT,bid,56500,1000.008
2024-09-11 18:03:31,BTCUSDT,bid,56500,1000.357
2024-09-11 18:03:32,BTCUSDT,bid,56500,1000.384
2024-09-11 18:03:34,BTCUSDT,bid,56500,1000.357
2024-09-11 18:03:40,BTCUSDT,bid,56500,1000.02
2024-09-11 18:03:40,BTCUSDT,bid,56500,1000.006
2024-09-11 18:03:43,BTCUSDT,bid,56500,1000.042
2024-09-11 18:03:46,BTCUSDT,bid,56500,1038.321
2024-09-11 18:03:46,BTCUSDT,bid,56500,1000.042
2024-09-11 18:03:47,BTCUSDT,bid,56500,1038.463
2024-09-11 18:03:47,BTCUSDT,bid,56500,1000.042
2024-09-11 18:03:50,BTCUSDT,bid,56500,1000.044
2024-09-11 18:03:51,BTCUSDT,bid,56500,1000.008
2024-09-11 18:03:53,BTCUSDT,bid,56500,1000.01
2024-09-11 18:03:53,BTCUSDT,bid,56500,1038.382
2024-09-11 18:03:53,BTCUSDT,bid,56500,1000.01
2024-09-11 18:04:26,BTCUSDT,ask,56500,600.199
2024-09-11 18:04:43,BTCUSDT,ask,56500,600.002
2024-09-11 18:04:48,BTCUSDT,ask,56500,600.005
2024-09-11 18:05:31,BTCUSDT,ask,56500,1001.426
2024-09-11 18:05:32,BTCUSDT,ask,56500,1001.24
2024-09-11 18:05:40,BTCUSDT,ask,56500,600.532
2024-09-11 18:05:40,BTCUSDT,ask,56500,600.179
2024-09-11 18:05:40,BTCUSDT,ask,56500,600.379
2024-09-11 18:05:44,BTCUSDT,ask,56500,600.379
2024-09-11 18:05:46,BTCUSDT,ask,56500,600.379
2024-09-11 18:05:46,BTCUSDT,ask,56500,600.379
2024-09-11 18:05:46,BTCUSDT,ask,56500,600.379
2024-09-11 18:05:50,BTCUSDT,ask,56500,600.187
2024-09-11 18:05:50,BTCUSDT,ask,56500,1001.258
2024-09-11 18:05:51,BTCUSDT,ask,56500,600.179
2024-09-11 18:12:00,BTCUSDT,ask,56600,1021.198
2024-09-11 18:12:00,BTCUSDT,ask,56600,1021.118
2024-09-11 18:12:04,BTCUSDT,ask,56600,1021.124
2024-09-11 18:12:05,BTCUSDT,ask,56600,1021.134
2024-09-11 18:12:06,BTCUSDT,ask,56600,1021.124
2024-09-11 18:12:07,BTCUSDT,ask,56600,622.227
2024-09-11 18:12:07,BTCUSDT,ask,56600,1021.111
2024-09-11 18:12:07,BTCUSDT,ask,56600,622.253
2024-09-11 18:12:09,BTCUSDT,ask,56600,1021.141
2024-09-11 18:12:11,BTCUSDT,ask,56600,622.227
2024-09-11 18:12:13,BTCUSDT,ask,56600,622.237
2024-09-11 18:12:14,BTCUSDT,ask,56600,622.157
2024-09-11 18:12:14,BTCUSDT,ask,56600,1021.151
2024-09-11 18:12:14,BTCUSDT,ask,56600,1021.141
2024-09-11 18:12:14,BTCUSDT,ask,56600,1025.362
2024-09-11 18:12:14,BTCUSDT,ask,56600,1025.027
2024-09-11 18:12:14,BTCUSDT,ask,56600,1025.393
2024-09-11 18:12:40,BTCUSDT,ask,56600,1000.39
2024-09-11 18:12:42,BTCUSDT,ask,56600,1000.523
2024-09-11 18:12:43,BTCUSDT,ask,56600,1000.519
2024-09-11 18:12:43,BTCUSDT,ask,56600,1000.411
2024-09-11 18:12:44,BTCUSDT,ask,56600,700.194
2024-09-11 18:12:45,BTCUSDT,ask,56600,1000.885
2024-09-11 18:12:46,BTCUSDT,ask,56600,1000.885
2024-09-11 18:12:46,BTCUSDT,ask,56600,1000.665
2024-09-11 18:12:48,BTCUSDT,ask,56600,703.293
2024-09-11 18:12:48,BTCUSDT,ask,56600,700.194
2024-09-11 18:12:49,BTCUSDT,ask,56600,700.179
2024-09-11 18:12:49,BTCUSDT,ask,56600,1001.209
2024-09-11 18:12:50,BTCUSDT,ask,56600,1000.629
2024-09-11 18:13:15,BTCUSDT,ask,56600,700.691
2024-09-11 18:13:21,BTCUSDT,ask,56600,701.191
2024-09-11 18:13:30,BTCUSDT,ask,56600,701.201
2024-09-11 18:13:32,BTCUSDT,ask,56600,701.203
2024-09-11 18:13:35,BTCUSDT,ask,56600,700.541
2024-09-11 18:13:35,BTCUSDT,ask,56600,700.544
2024-09-11 18:13:36,BTCUSDT,ask,56600,700.552
2024-09-11 18:13:36,BTCUSDT,ask,56600,700.549
2024-09-11 18:13:37,BTCUSDT,ask,56600,700.544
2024-09-11 18:13:38,BTCUSDT,ask,56600,700.544
2024-09-11 18:13:39,BTCUSDT,ask,56600,700.541
2024-09-11 18:13:39,BTCUSDT,ask,56600,700.544
2024-09-11 18:13:40,BTCUSDT,ask,56600,700.552
2024-09-11 18:13:40,BTCUSDT,ask,56600,700.541
2024-09-11 18:13:41,BTCUSDT,ask,56600,700.549
2024-09-11 18:13:42,BTCUSDT,ask,56600,700.539
2024-09-11 18:13:44,BTCUSDT,ask,56600,700.549
2024-09-11 18:13:44,BTCUSDT,ask,56600,700.569
2024-09-11 18:13:44,BTCUSDT,ask,56600,700.549
2024-09-11 18:13:45,BTCUSDT,ask,56600,700.899
2024-09-11 18:13:45,BTCUSDT,ask,56600,700.535
2024-09-11 18:13:59,BTCUSDT,ask,56600,700.179
2024-09-11 18:14:00,BTCUSDT,ask,56600,700.189
2024-09-11 18:14:01,BTCUSDT,ask,56600,703.181
2024-09-11 18:14:02,BTCUSDT,ask,56600,700.189
2024-09-11 18:14:03,BTCUSDT,ask,56600,700.269
2024-09-11 18:14:03,BTCUSDT,ask,56600,700.179
2024-09-11 18:14:22,BTCUSDT,bid,56600,1000.1
2024-09-11 18:14:22,BTCUSDT,bid,56600,1000.052
2024-09-11 18:14:56,BTCUSDT,ask,56600,1000.215
2024-09-11 18:14:57,BTCUSDT,ask,56600,1000.685
2024-09-11 18:14:57,BTCUSDT,ask,56600,1000.605
2024-09-11 18:15:00,BTCUSDT,ask,56600,1000.223
2024-09-11 18:15:12,BTCUSDT,ask,56600,1000.075
2024-09-11 18:15:12,BTCUSDT,ask,56600,1000.131
2024-09-11 18:15:12,BTCUSDT,ask,56600,1000.134
2024-09-11 18:15:13,BTCUSDT,ask,56600,1000.143
2024-09-11 18:15:13,BTCUSDT,ask,56600,1000.124
2024-09-11 18:15:13,BTCUSDT,ask,56600,1000.08
2024-09-11 18:15:14,BTCUSDT,ask,56600,1000.078
2024-09-11 18:16:14,BTCUSDT,ask,56600,1000.306
2024-09-11 18:16:14,BTCUSDT,ask,56600,1000.266
2024-09-11 18:16:15,BTCUSDT,ask,56600,1000.381
2024-09-11 18:16:29,BTCUSDT,ask,56600,804.725
2024-09-11 18:16:32,BTCUSDT,ask,56600,1000.441
2024-09-11 18:16:33,BTCUSDT,ask,56600,804.75
2024-09-11 18:16:35,BTCUSDT,ask,56600,1000.007
2024-09-11 18:16:36,BTCUSDT,ask,56600,1000.004
2024-09-11 18:16:36,BTCUSDT,ask,56600,1000.008
2024-09-11 18:16:37,BTCUSDT,ask,56600,804.75
2024-09-11 18:16:37,BTCUSDT,ask,56600,1000.012
2024-09-11 18:16:37,BTCUSDT,ask,56600,1000.004
2024-09-11 18:16:43,BTCUSDT,ask,56600,1000.982
2024-09-11 18:16:43,BTCUSDT,ask,56600,1000.004
2024-09-11 18:16:44,BTCUSDT,ask,56600,1000.366
2024-09-11 18:16:44,BTCUSDT,ask,56600,1000.376
2024-09-11 18:16:47,BTCUSDT,ask,56600,1000.366
2024-09-11 18:16:48,BTCUSDT,ask,56600,1000.004
2024-09-11 18:16:48,BTCUSDT,ask,56600,804.767
2024-09-11 18:16:50,BTCUSDT,ask,56600,1000.007
2024-09-11 18:16:50,BTCUSDT,ask,56600,1000.007
2024-09-11 18:16:50,BTCUSDT,ask,56600,1000.391
2024-09-11 18:16:50,BTCUSDT,ask,56600,1000.007
2024-09-11 18:16:54,BTCUSDT,ask,56600,1000.004
2024-09-11 18:16:55,BTCUSDT,ask,56600,804.75
2024-09-11 18:17:02,BTCUSDT,ask,56600,804.767
2024-09-11 18:17:03,BTCUSDT,ask,56600,804.761
2024-09-11 18:17:03,BTCUSDT,ask,56600,804.725
2024-09-11 18:23:01,BTCUSDT,bid,56600,1000.898
2024-09-11 18:23:02,BTCUSDT,bid,56600,1000.2
2024-09-11 18:23:03,BTCUSDT,bid,56600,1000.191
2024-09-11 18:23:04,BTCUSDT,bid,56600,1000.261
2024-09-11 18:23:05,BTCUSDT,bid,56600,1000.191
2024-09-11 18:23:07,BTCUSDT,bid,56600,1000.191
2024-09-11 18:23:09,BTCUSDT,bid,56600,1000.208
2024-09-11 18:23:09,BTCUSDT,bid,56600,1000.191
2024-09-11 18:23:10,BTCUSDT,bid,56600,1000.204
2024-09-11 18:23:13,BTCUSDT,bid,56600,1000.187
2024-09-11 18:23:14,BTCUSDT,bid,56600,1000.227
2024-09-11 18:23:14,BTCUSDT,bid,56600,1000.224
2024-09-11 18:23:15,BTCUSDT,bid,56600,1000.234
2024-09-11 18:23:15,BTCUSDT,bid,56600,1000.194
2024-09-11 18:23:16,BTCUSDT,bid,56600,1000.196
2024-09-11 18:23:16,BTCUSDT,bid,56600,1000.31
2024-09-11 18:23:17,BTCUSDT,bid,56600,1000.56
2024-09-11 18:23:20,BTCUSDT,bid,56600,1000.6
2024-09-11 18:23:21,BTCUSDT,bid,56600,1000.56
2024-09-11 18:23:28,BTCUSDT,bid,56600,1000.549
2024-09-11 18:23:29,BTCUSDT,bid,56600,1000.539
2024-09-11 18:23:29,BTCUSDT,bid,56600,1000.529
2024-09-11 18:23:36,BTCUSDT,bid,56600,1001.049
2024-09-11 18:23:40,BTCUSDT,bid,56600,1001.036
2024-09-11 18:23:43,BTCUSDT,bid,56600,1001.046
2024-09-11 18:23:46,BTCUSDT,bid,56600,1000.932
2024-09-11 18:23:48,BTCUSDT,bid,56600,1000.922
2024-09-11 18:23:49,BTCUSDT,bid,56600,1000.454
2024-09-11 18:23:49,BTCUSDT,bid,56600,1000.402
2024-09-11 18:23:55,BTCUSDT,bid,56600,1000.492
2024-09-11 18:23:56,BTCUSDT,bid,56600,1000.544
2024-09-11 18:23:57,BTCUSDT,bid,56600,1000.454
2024-09-11 18:23:58,BTCUSDT,bid,56600,1000.402
2024-09-11 18:24:00,BTCUSDT,bid,56600,1000.412
2024-09-11 18:24:00,BTCUSDT,bid,56600,1000.402
2024-09-11 18:24:47,BTCUSDT,bid,56600,1011.24
2024-09-11 18:24:47,BTCUSDT,bid,56600,1011.24
2024-09-11 18:24:53,BTCUSDT,bid,56600,1011.28
2024-09-11 18:24:53,BTCUSDT,bid,56600,1011.24
2024-09-11 18:24:55,BTCUSDT,bid,56600,1011.251
2024-09-11 18:25:01,BTCUSDT,bid,56600,1011.302
2024-09-11 18:25:04,BTCUSDT,bid,56600,1011.354
2024-09-11 18:25:04,BTCUSDT,bid,56600,1011.394
2024-09-11 18:25:04,BTCUSDT,bid,56600,1011.33
2024-09-11 18:25:04,BTCUSDT,bid,56600,1011.29
2024-09-11 18:25:05,BTCUSDT,bid,56600,1011.238
2024-09-11 18:25:05,BTCUSDT,bid,56600,1011.273
2024-09-11 18:25:55,BTCUSDT,ask,56600,1000.846
2024-09-11 18:26:01,BTCUSDT,ask,56600,900.301
2024-09-11 18:26:06,BTCUSDT,ask,56600,900.304
2024-09-11 18:26:08,BTCUSDT,ask,56600,900.314
2024-09-11 18:26:09,BTCUSDT,ask,56600,900.278
2024-09-11 18:26:09,BTCUSDT,ask,56600,1000.266
2024-09-11 18:26:10,BTCUSDT,ask,56600,1000.28
2024-09-11 18:26:11,BTCUSDT,ask,56600,901.285
2024-09-11 18:26:11,BTCUSDT,ask,56600,900.278
2024-09-11 18:29:47,BTCUSDT,bid,56600,1000.776
2024-09-11 18:29:48,BTCUSDT,bid,56600,1000.774
2024-09-11 18:33:58,BTCUSDT,bid,56600,1000.362
2024-09-11 18:33:58,BTCUSDT,bid,56600,1000.398
2024-09-11 18:34:00,BTCUSDT,bid,56600,1000.038
2024-09-11 18:34:01,BTCUSDT,bid,56600,1000.04
2024-09-11 18:34:02,BTCUSDT,bid,56600,1000.05
2024-09-11 18:34:03,BTCUSDT,bid,56600,1000.048
2024-09-11 18:34:04,BTCUSDT,bid,56600,1000.048
2024-09-11 18:34:06,BTCUSDT,bid,56600,1000.048
2024-09-11 18:34:06,BTCUSDT,bid,56600,1000.012
2024-09-11 18:42:45,BTCUSDT,bid,47500,640.693
2024-09-11 18:45:38,BTCUSDT,bid,47500,639.306
2024-09-11 19:06:40,BTCUSDT,bid,47000,902.979
2024-09-11 19:20:38,BTCUSDT,bid,56800,1001.264
2024-09-11 19:20:39,BTCUSDT,bid,56800,1002.189
2024-09-11 19:20:39,BTCUSDT,bid,56800,1002.201
2024-09-11 19:20:40,BTCUSDT,bid,56800,1002.193
2024-09-11 19:20:41,BTCUSDT,bid,56800,1002.175
2024-09-11 19:20:41,BTCUSDT,bid,56800,1002.872
2024-09-11 19:20:42,BTCUSDT,bid,56800,987.837
2024-09-11 19:20:42,BTCUSDT,bid,56800,990.64
2024-09-11 19:20:42,BTCUSDT,bid,56800,990.648
2024-09-11 19:20:42,BTCUSDT,bid,56800,990.648
2024-09-11 19:20:42,BTCUSDT,bid,56800,984.914
2024-09-11 19:20:43,BTCUSDT,bid,56800,985.243
2024-09-11 19:20:43,BTCUSDT,bid,56800,984.16
2024-09-11 19:20:43,BTCUSDT,bid,56800,984.154
2024-09-11 19:20:43,BTCUSDT,bid,56800,983.815
2024-09-11 19:22:00,BTCUSDT,bid,56800,1008.682
2024-09-11 19:22:04,BTCUSDT,bid,56800,1008.655
2024-09-11 19:22:05,BTCUSDT,bid,56800,1008.665
2024-09-11 19:22:07,BTCUSDT,bid,56800,1008.655
2024-09-11 19:22:09,BTCUSDT,bid,56800,1008.674
2024-09-11 19:22:12,BTCUSDT,bid,56800,1508.674
2024-09-11 19:22:13,BTCUSDT,bid,56800,1508.693
2024-09-11 19:22:16,BTCUSDT,bid,56800,1008.693
2024-09-11 19:22:16,BTCUSDT,bid,56800,1008.695
2024-09-11 19:24:06,BTCUSDT,bid,56300,550.163
2024-09-11 19:24:22,BTCUSDT,bid,56200,551.218
2024-09-11 19:25:05,BTCUSDT,bid,56000,551.002
2024-09-11 19:25:20,BTCUSDT,bid,56200,550.74
2024-09-11 19:25:26,BTCUSDT,bid,56000,551.011
2024-09-11 19:27:17,BTCUSDT,bid,56000,551.635
2024-09-11 19:27:41,BTCUSDT,bid,47000,902.969
2024-09-11 19:27:53,BTCUSDT,bid,56000,551.715
2024-09-11 19:27:54,BTCUSDT,bid,56000,551.735
2024-09-11 12:07:13,BTCUSD_PERP,bid,55800,551.62
2024-09-11 12:07:25,BTCUSD_PERP,bid,55900,551.92
2024-09-11 12:10:25,BTCUSD_PERP,bid,55900,552.22
2024-09-11 12:11:07,BTCUSD_PERP,bid,55900,717.34
2024-09-11 12:11:07,BTCUSD_PERP,bid,55900,992.45
2024-09-11 12:11:07,BTCUSD_PERP,bid,55900,1047.81
2024-09-11 12:11:15,BTCUSD_PERP,bid,55900,992.45
2024-09-11 12:11:15,BTCUSD_PERP,bid,55900,937.65
2024-09-11 12:11:15,BTCUSD_PERP,bid,55900,828.06
2024-09-11 12:11:15,BTCUSD_PERP,bid,55900,607.18
2024-09-11 12:11:15,BTCUSD_PERP,bid,55800,662.18
2024-09-11 12:12:23,BTCUSD_PERP,bid,55800,606.52
2024-09-11 12:12:23,BTCUSD_PERP,bid,55800,661.26
2024-09-11 12:12:52,BTCUSD_PERP,bid,55800,936.13
2024-09-11 12:12:52,BTCUSD_PERP,bid,55800,991.4
2024-09-11 12:15:58,BTCUSD_PERP,bid,55800,550.67
2024-09-11 12:18:42,BTCUSD_PERP,bid,55800,936.12
2024-09-11 12:18:42,BTCUSD_PERP,bid,55800,991.39
2024-09-11 12:20:40,BTCUSD_PERP,bid,55800,549.89
2024-09-11 12:20:40,BTCUSD_PERP,bid,55800,991.26
2024-09-11 12:20:40,BTCUSD_PERP,bid,55800,1101.84
2024-09-11 12:22:13,BTCUSD_PERP,bid,55800,1046.55
2024-09-11 12:22:13,BTCUSD_PERP,bid,55800,551.79
2024-09-11 12:22:13,BTCUSD_PERP,bid,55800,1045.93
2024-09-11 12:22:13,BTCUSD_PERP,bid,55800,1101.19
2024-09-11 12:22:21,BTCUSD_PERP,bid,55800,990.67
2024-09-11 12:22:22,BTCUSD_PERP,bid,55800,935.97
2024-09-11 12:22:22,BTCUSD_PERP,bid,55800,880.71
2024-09-11 12:22:22,BTCUSD_PERP,bid,55800,825.45
2024-09-11 12:22:22,BTCUSD_PERP,bid,55800,714.93
2024-09-11 12:22:22,BTCUSD_PERP,bid,55800,604.41
2024-09-11 12:22:22,BTCUSD_PERP,bid,55800,551.31
2024-09-11 12:22:22,BTCUSD_PERP,bid,55800,606.61
2024-09-11 12:22:22,BTCUSD_PERP,bid,55800,716.55
2024-09-11 12:22:23,BTCUSD_PERP,bid,55800,771.85
2024-09-11 12:22:23,BTCUSD_PERP,bid,55800,826.59
2024-09-11 12:22:23,BTCUSD_PERP,bid,55800,881.89
2024-09-11 12:22:23,BTCUSD_PERP,bid,55800,936.63
2024-09-11 12:22:23,BTCUSD_PERP,bid,55800,991.37
2024-09-11 12:22:40,BTCUSD_PERP,bid,55800,770.73
2024-09-11 12:22:40,BTCUSD_PERP,bid,55800,936.14
2024-09-11 12:22:40,BTCUSD_PERP,bid,55800,1046.12
2024-09-11 12:22:40,BTCUSD_PERP,bid,55800,1101.39
2024-09-11 12:23:21,BTCUSD_PERP,bid,47000,2439.79
2024-09-11 12:23:27,BTCUSD_PERP,bid,55800,936.7
2024-09-11 12:23:28,BTCUSD_PERP,bid,55800,881.43
2024-09-11 12:23:28,BTCUSD_PERP,bid,55800,826.16
2024-09-11 12:23:28,BTCUSD_PERP,bid,55800,716.74
2024-09-11 12:23:28,BTCUSD_PERP,bid,55800,661.47
2024-09-11 12:23:28,BTCUSD_PERP,bid,55800,606.2
2024-09-11 12:23:28,BTCUSD_PERP,bid,55700,551.28
2024-09-11 12:23:29,BTCUSD_PERP,bid,55700,606.42
2024-09-11 12:23:29,BTCUSD_PERP,bid,55700,661.66
2024-09-11 12:23:29,BTCUSD_PERP,bid,55700,771.58
2024-09-11 12:23:29,BTCUSD_PERP,bid,55700,881.49
2024-09-11 12:23:29,BTCUSD_PERP,bid,55700,936.17
2024-09-11 12:23:44,BTCUSD_PERP,bid,55800,1045.99
2024-09-11 12:23:44,BTCUSD_PERP,bid,55800,1101.25
2024-09-11 12:24:35,BTCUSD_PERP,bid,55800,1045.99
2024-09-11 12:24:35,BTCUSD_PERP,bid,55800,991.12
2024-09-11 12:24:36,BTCUSD_PERP,bid,55800,1046.36
2024-09-11 12:26:52,BTCUSD_PERP,bid,55800,936.44
2024-09-11 12:26:52,BTCUSD_PERP,bid,55800,881.2
2024-09-11 12:26:53,BTCUSD_PERP,bid,55800,826.52
2024-09-11 12:26:53,BTCUSD_PERP,bid,55800,771.84
2024-09-11 12:26:53,BTCUSD_PERP,bid,55800,661.36
2024-09-11 12:26:53,BTCUSD_PERP,bid,55800,606.68
2024-09-11 12:26:53,BTCUSD_PERP,bid,55700,549.86
2024-09-11 12:26:53,BTCUSD_PERP,bid,55700,659.16
2024-09-11 12:26:53,BTCUSD_PERP,bid,55700,769.0
2024-09-11 12:26:54,BTCUSD_PERP,bid,55700,879.32
2024-09-11 12:26:54,BTCUSD_PERP,bid,55700,934.53
2024-09-11 12:27:27,BTCUSD_PERP,bid,55700,550.42
2024-09-11 12:27:27,BTCUSD_PERP,bid,55700,604.52
2024-09-11 12:27:27,BTCUSD_PERP,bid,55700,659.69
2024-09-11 12:27:28,BTCUSD_PERP,bid,55700,604.52
2024-09-11 12:27:39,BTCUSD_PERP,bid,55700,549.45
2024-09-11 12:27:41,BTCUSD_PERP,bid,55700,549.25
2024-09-11 12:27:41,BTCUSD_PERP,bid,55700,659.65
2024-09-11 12:27:41,BTCUSD_PERP,bid,55700,714.85
2024-09-11 12:27:51,BTCUSD_PERP,bid,55700,659.65
2024-09-11 12:27:51,BTCUSD_PERP,bid,55700,605.0
2024-09-11 12:27:51,BTCUSD_PERP,bid,55700,549.8
2024-09-11 12:27:56,BTCUSD_PERP,bid,55700,604.36
2024-09-11 12:27:56,BTCUSD_PERP,bid,55700,714.21
2024-09-11 12:28:18,BTCUSD_PERP,bid,55700,713.76
2024-09-11 12:28:34,BTCUSD_PERP,bid,55700,658.59
2024-09-11 12:29:39,BTCUSD_PERP,bid,55600,549.25
2024-09-11 12:31:15,BTCUSD_PERP,bid,55600,549.59
2024-09-11 12:31:15,BTCUSD_PERP,bid,55600,604.14
2024-09-11 12:31:15,BTCUSD_PERP,bid,55600,659.25
2024-09-11 12:31:16,BTCUSD_PERP,bid,55600,714.36
2024-09-11 12:31:16,BTCUSD_PERP,bid,55600,769.47
2024-09-11 12:31:18,BTCUSD_PERP,bid,55600,771.47
2024-09-11 12:31:22,BTCUSD_PERP,bid,55600,551.59
2024-09-11 12:31:23,BTCUSD_PERP,bid,55700,549.15
2024-09-11 12:31:24,BTCUSD_PERP,bid,55700,713.91
2024-09-11 12:31:24,BTCUSD_PERP,bid,55700,768.49
2024-09-11 12:32:06,BTCUSD_PERP,bid,55700,713.91
2024-09-11 12:32:06,BTCUSD_PERP,bid,55700,659.33
2024-09-11 12:32:07,BTCUSD_PERP,bid,55700,604.19
2024-09-11 12:32:07,BTCUSD_PERP,bid,55700,549.05
2024-09-11 12:32:26,BTCUSD_PERP,bid,55700,604.6
2024-09-11 12:32:26,BTCUSD_PERP,bid,55700,714.38
2024-09-11 12:32:27,BTCUSD_PERP,bid,55700,768.99
2024-09-11 12:32:30,BTCUSD_PERP,bid,55700,769.12
2024-09-11 12:32:31,BTCUSD_PERP,bid,55700,769.25
2024-09-11 12:38:58,BTCUSD_PERP,bid,55700,550.32
2024-09-11 12:38:58,BTCUSD_PERP,bid,55700,660.05
2024-09-11 12:38:58,BTCUSD_PERP,bid,55700,715.25
2024-09-11 12:40:12,BTCUSD_PERP,bid,55700,660.61
2024-09-11 12:40:12,BTCUSD_PERP,bid,55700,605.26
2024-09-11 12:40:12,BTCUSD_PERP,bid,55700,660.43
2024-09-11 12:40:41,BTCUSD_PERP,bid,55700,550.09
2024-09-11 12:40:42,BTCUSD_PERP,bid,55700,605.44
2024-09-11 12:40:43,BTCUSD_PERP,bid,55700,660.64
2024-09-11 12:40:43,BTCUSD_PERP,bid,55700,715.29
2024-09-11 12:40:56,BTCUSD_PERP,bid,55700,660.09
2024-09-11 12:40:56,BTCUSD_PERP,bid,55700,605.44
2024-09-11 12:40:56,BTCUSD_PERP,bid,55700,550.24
2024-09-11 12:41:28,BTCUSD_PERP,bid,55700,714.75
2024-09-11 12:41:28,BTCUSD_PERP,bid,55700,769.95
2024-09-11 12:42:43,BTCUSD_PERP,bid,55700,715.5
2024-09-11 12:42:43,BTCUSD_PERP,bid,55700,770.74
2024-09-11 12:43:29,BTCUSD_PERP,bid,55700,716.06
2024-09-11 12:43:29,BTCUSD_PERP,bid,55700,606.15
2024-09-11 12:43:29,BTCUSD_PERP,bid,55700,550.91
2024-09-11 12:47:00,BTCUSD_PERP,bid,55700,604.68
2024-09-11 12:47:01,BTCUSD_PERP,bid,55700,659.91
2024-09-11 12:47:30,BTCUSD_PERP,bid,55700,605.23
2024-09-11 12:47:31,BTCUSD_PERP,bid,55700,550.0
2024-09-11 12:47:32,BTCUSD_PERP,bid,55700,549.12
2024-09-11 12:47:42,BTCUSD_PERP,bid,55700,550.48
2024-09-11 12:47:43,BTCUSD_PERP,bid,55700,825.21
2024-09-11 12:47:43,BTCUSD_PERP,bid,55700,880.38
2024-09-11 12:48:01,BTCUSD_PERP,bid,55700,825.77
2024-09-11 12:48:01,BTCUSD_PERP,bid,55700,715.99
2024-09-11 12:48:02,BTCUSD_PERP,bid,55700,660.82
2024-09-11 12:48:02,BTCUSD_PERP,bid,55700,550.48
2024-09-11 12:51:11,BTCUSD_PERP,bid,55800,541.87
2024-09-11 12:54:18,BTCUSD_PERP,bid,55700,551.74
2024-09-11 12:57:09,BTCUSD_PERP,bid,55700,550.48
2024-09-11 12:57:09,BTCUSD_PERP,bid,55700,715.42
2024-09-11 12:57:56,BTCUSD_PERP,bid,55700,660.35
2024-09-11 12:57:56,BTCUSD_PERP,bid,55700,605.18
2024-09-11 12:57:56,BTCUSD_PERP,bid,55700,550.01
2024-09-11 12:57:57,BTCUSD_PERP,bid,55700,549.65
2024-09-11 12:57:57,BTCUSD_PERP,bid,55700,604.85
2024-09-11 12:59:15,BTCUSD_PERP,bid,55700,549.65
2024-09-11 13:00:00,BTCUSD_PERP,bid,55700,604.85
2024-09-11 13:00:00,BTCUSD_PERP,bid,55700,660.05
2024-09-11 13:01:18,BTCUSD_PERP,bid,55700,605.41
2024-09-11 13:01:18,BTCUSD_PERP,bid,55700,550.21
2024-09-11 13:01:19,BTCUSD_PERP,bid,55700,549.91
2024-09-11 13:01:20,BTCUSD_PERP,bid,55700,604.52
2024-09-11 13:01:20,BTCUSD_PERP,bid,55700,659.69
2024-09-11 13:02:26,BTCUSD_PERP,bid,55600,604.19
2024-09-11 13:02:27,BTCUSD_PERP,bid,55600,659.33
2024-09-11 13:03:45,BTCUSD_PERP,bid,55600,550.17
2024-09-11 13:03:47,BTCUSD_PERP,bid,55700,550.77
2024-09-11 13:04:04,BTCUSD_PERP,bid,55700,563.32
2024-09-11 13:04:04,BTCUSD_PERP,bid,55700,618.54
2024-09-11 13:04:04,BTCUSD_PERP,bid,55700,673.76
2024-09-11 13:04:04,BTCUSD_PERP,bid,55700,728.98
2024-09-11 13:04:37,BTCUSD_PERP,bid,55700,674.32
2024-09-11 13:04:37,BTCUSD_PERP,bid,55700,564.44
2024-09-11 13:04:38,BTCUSD_PERP,bid,55800,551.38
2024-09-11 13:04:38,BTCUSD_PERP,bid,55800,661.31
2024-09-11 13:04:38,BTCUSD_PERP,bid,55800,716.46
2024-09-11 13:04:39,BTCUSD_PERP,bid,55800,826.4
2024-09-11 13:04:39,BTCUSD_PERP,bid,55800,881.65
2024-09-11 13:04:39,BTCUSD_PERP,bid,55800,936.34
2024-09-11 13:04:44,BTCUSD_PERP,bid,47000,2439.8
2024-09-11 13:06:08,BTCUSD_PERP,bid,55800,881.09
2024-09-11 13:06:08,BTCUSD_PERP,bid,55800,825.84
2024-09-11 13:06:08,BTCUSD_PERP,bid,55800,770.69
2024-09-11 13:06:08,BTCUSD_PERP,bid,55800,606.06
2024-09-11 13:57:12,BTCUSD_PERP,bid,55900,551.76
2024-09-11 13:57:52,BTCUSD_PERP,bid,55900,606.55
2024-09-11 13:58:17,BTCUSD_PERP,bid,55900,551.15
2024-09-11 13:58:19,BTCUSD_PERP,bid,55900,606.92
2024-09-11 13:58:57,BTCUSD_PERP,bid,55900,551.79
2024-09-11 13:58:58,BTCUSD_PERP,bid,55900,607.19
2024-09-11 14:01:24,BTCUSD_PERP,bid,56000,551.99
2024-09-11 14:01:25,BTCUSD_PERP,bid,56000,565.42
2024-09-11 14:02:58,BTCUSD_PERP,bid,56000,553.42
2024-09-11 14:02:58,BTCUSD_PERP,bid,56000,608.35
2024-09-11 14:02:58,BTCUSD_PERP,bid,56000,663.3
2024-09-11 14:04:40,BTCUSD_PERP,bid,56000,662.4
2024-09-11 14:04:40,BTCUSD_PERP,bid,56000,717.88
2024-09-11 14:07:30,BTCUSD_PERP,bid,56000,662.4
2024-09-11 14:07:30,BTCUSD_PERP,bid,56000,606.92
2024-09-11 14:07:30,BTCUSD_PERP,bid,56000,551.44
2024-09-11 14:07:31,BTCUSD_PERP,bid,56000,552.76
2024-09-11 14:07:31,BTCUSD_PERP,bid,56000,607.71
2024-09-11 14:07:31,BTCUSD_PERP,bid,56000,663.22
2024-09-11 14:07:31,BTCUSD_PERP,bid,56000,718.73
2024-09-11 14:07:32,BTCUSD_PERP,bid,56000,773.68
2024-09-11 14:07:32,BTCUSD_PERP,bid,56000,994.58
2024-09-11 14:07:32,BTCUSD_PERP,bid,56000,1050.09
2024-09-11 14:10:37,BTCUSD_PERP,bid,56000,995.16
2024-09-11 14:10:38,BTCUSD_PERP,bid,56000,774.24
2024-09-11 14:10:38,BTCUSD_PERP,bid,55900,759.91
2024-09-11 14:10:38,BTCUSD_PERP,bid,56000,883.65
2024-09-11 14:10:38,BTCUSD_PERP,bid,56000,994.61
2024-09-11 14:10:38,BTCUSD_PERP,bid,55900,815.29
2024-09-11 14:11:24,BTCUSD_PERP,bid,56000,939.69
2024-09-11 14:11:24,BTCUSD_PERP,bid,56000,828.73
2024-09-11 14:11:24,BTCUSD_PERP,bid,56000,773.25
2024-09-11 14:11:24,BTCUSD_PERP,bid,55900,759.91
2024-09-11 14:11:24,BTCUSD_PERP,bid,56000,662.85
2024-09-11 14:11:24,BTCUSD_PERP,bid,56000,607.37
2024-09-11 14:11:25,BTCUSD_PERP,bid,55900,649.07
2024-09-11 14:11:25,BTCUSD_PERP,bid,56000,552.45
2024-09-11 14:11:25,BTCUSD_PERP,bid,55900,607.5
2024-09-11 14:11:25,BTCUSD_PERP,bid,56000,608.93
2024-09-11 14:11:25,BTCUSD_PERP,bid,56000,663.87
2024-09-11 14:11:25,BTCUSD_PERP,bid,56000,774.79
2024-09-11 14:11:25,BTCUSD_PERP,bid,56000,829.74
2024-09-11 14:11:26,BTCUSD_PERP,bid,56000,884.69
2024-09-11 14:11:26,BTCUSD_PERP,bid,56000,995.15
2024-09-11 14:14:56,BTCUSD_PERP,bid,56000,939.64
2024-09-11 14:14:56,BTCUSD_PERP,bid,56000,828.75
2024-09-11 14:16:12,BTCUSD_PERP,bid,56000,773.27
2024-09-11 14:16:12,BTCUSD_PERP,bid,56000,717.79
2024-09-11 14:16:12,BTCUSD_PERP,bid,56000,662.87
2024-09-11 14:16:12,BTCUSD_PERP,bid,56000,607.95
2024-09-11 14:16:13,BTCUSD_PERP,bid,56000,552.25
2024-09-11 14:16:13,BTCUSD_PERP,bid,56000,663.29
2024-09-11 14:16:14,BTCUSD_PERP,bid,56000,718.24
2024-09-11 14:16:14,BTCUSD_PERP,bid,56000,828.71
2024-09-11 14:16:14,BTCUSD_PERP,bid,56000,884.23
2024-09-11 14:16:44,BTCUSD_PERP,bid,56000,773.19
2024-09-11 14:16:44,BTCUSD_PERP,bid,56000,718.24
2024-09-11 14:16:44,BTCUSD_PERP,bid,56000,662.72
2024-09-11 14:16:44,BTCUSD_PERP,bid,56000,552.82
2024-09-11 14:33:44,BTCUSD_PERP,bid,56100,665.05
2024-09-11 14:33:44,BTCUSD_PERP,bid,56100,720.62
2024-09-11 14:40:08,BTCUSD_PERP,bid,56100,665.05
2024-09-11 14:40:09,BTCUSD_PERP,bid,56100,553.62
2024-09-11 14:41:26,BTCUSD_PERP,bid,56100,553.91
2024-09-11 14:43:05,BTCUSD_PERP,bid,56100,554.17
2024-09-11 14:44:45,BTCUSD_PERP,bid,56000,553.86
2024-09-11 14:50:30,BTCUSD_PERP,bid,56100,553.36
2024-09-11 14:50:30,BTCUSD_PERP,bid,56100,608.93
2024-09-11 14:53:47,BTCUSD_PERP,bid,56100,553.36
2024-09-11 14:53:48,BTCUSD_PERP,bid,56100,553.72
2024-09-11 14:54:36,BTCUSD_PERP,bid,56200,554.61
2024-09-11 14:54:36,BTCUSD_PERP,bid,56200,609.69
2024-09-11 14:54:40,BTCUSD_PERP,bid,56200,554.05
2024-09-11 14:54:42,BTCUSD_PERP,bid,56200,554.35
2024-09-11 14:55:38,BTCUSD_PERP,bid,56200,554.35
2024-09-11 14:55:38,BTCUSD_PERP,bid,56200,609.46
2024-09-11 14:55:38,BTCUSD_PERP,bid,56200,720.8
2024-09-11 14:55:38,BTCUSD_PERP,bid,56200,775.91
2024-09-11 14:55:38,BTCUSD_PERP,bid,56200,886.13
2024-09-11 14:56:56,BTCUSD_PERP,bid,56200,831.02
2024-09-11 14:56:56,BTCUSD_PERP,bid,56200,775.91
2024-09-11 14:56:56,BTCUSD_PERP,bid,56200,664.67
2024-09-11 14:56:57,BTCUSD_PERP,bid,56200,609.57
2024-09-11 14:58:30,BTCUSD_PERP,bid,56200,553.23
2024-09-11 15:00:54,BTCUSD_PERP,bid,56200,552.93
2024-09-11 15:00:54,BTCUSD_PERP,bid,56100,540.33
2024-09-11 15:03:10,BTCUSD_PERP,bid,56100,552.63
2024-09-11 15:13:18,BTCUSD_PERP,bid,56100,553.55
2024-09-11 15:13:18,BTCUSD_PERP,bid,56100,609.13
2024-09-11 15:13:18,BTCUSD_PERP,bid,56100,774.77
2024-09-11 15:13:47,BTCUSD_PERP,bid,56100,719.74
2024-09-11 15:13:48,BTCUSD_PERP,bid,56100,774.37
2024-09-11 15:14:39,BTCUSD_PERP,bid,56100,608.26
2024-09-11 15:18:37,BTCUSD_PERP,bid,56100,552.99
2024-09-11 15:18:38,BTCUSD_PERP,bid,56100,608.52
2024-09-11 15:18:38,BTCUSD_PERP,bid,56100,609.69
2024-09-11 15:20:05,BTCUSD_PERP,bid,56100,608.52
2024-09-11 15:23:16,BTCUSD_PERP,bid,56100,553.54
2024-09-11 15:34:34,BTCUSD_PERP,bid,56000,551.51
2024-09-11 15:36:00,BTCUSD_PERP,bid,55900,551.25
2024-09-11 15:36:01,BTCUSD_PERP,bid,55900,606.67
2024-09-11 15:37:22,BTCUSD_PERP,bid,55900,551.82
2024-09-11 15:37:24,BTCUSD_PERP,bid,56000,552.93
2024-09-11 15:37:59,BTCUSD_PERP,bid,55900,552.62
2024-09-11 15:43:34,BTCUSD_PERP,bid,55800,551.62
2024-09-11 15:45:03,BTCUSD_PERP,bid,55800,562.36
2024-09-11 15:45:03,BTCUSD_PERP,bid,55800,617.1
2024-09-11 15:45:34,BTCUSD_PERP,bid,55900,550.69
2024-09-11 15:56:22,BTCUSD_PERP,bid,55900,551.49
2024-09-11 15:56:22,BTCUSD_PERP,bid,55900,606.87
2024-09-11 15:56:23,BTCUSD_PERP,bid,55900,661.7
2024-09-11 15:56:23,BTCUSD_PERP,bid,55900,716.52
2024-09-11 15:56:23,BTCUSD_PERP,bid,55900,771.35
2024-09-11 15:56:23,BTCUSD_PERP,bid,55900,826.73
2024-09-11 15:56:26,BTCUSD_PERP,bid,55900,826.86
2024-09-11 15:59:00,BTCUSD_PERP,bid,55900,826.73
2024-09-11 15:59:42,BTCUSD_PERP,bid,55900,771.01
2024-09-11 15:59:43,BTCUSD_PERP,bid,55900,826.37
2024-09-11 16:01:33,BTCUSD_PERP,bid,55900,661.42
2024-09-11 16:01:34,BTCUSD_PERP,bid,55900,605.91
2024-09-11 16:01:34,BTCUSD_PERP,bid,55900,661.3
2024-09-11 16:01:34,BTCUSD_PERP,bid,55900,771.52
2024-09-11 16:01:34,BTCUSD_PERP,bid,55900,826.91
2024-09-11 16:02:15,BTCUSD_PERP,bid,55900,772.08
2024-09-11 16:02:15,BTCUSD_PERP,bid,55900,661.3
2024-09-11 16:02:16,BTCUSD_PERP,bid,55900,605.91
2024-09-11 16:02:16,BTCUSD_PERP,bid,55900,551.09
2024-09-11 16:02:16,BTCUSD_PERP,bid,55900,550.83
2024-09-11 16:02:16,BTCUSD_PERP,bid,55900,606.25
2024-09-11 16:02:17,BTCUSD_PERP,bid,55900,661.11
2024-09-11 16:02:18,BTCUSD_PERP,bid,55900,674.53
2024-09-11 16:02:22,BTCUSD_PERP,bid,55900,676.54
2024-09-11 16:03:23,BTCUSD_PERP,bid,55900,621.68
2024-09-11 16:03:24,BTCUSD_PERP,bid,55900,566.82
2024-09-11 16:03:24,BTCUSD_PERP,bid,56000,607.0
2024-09-11 16:03:24,BTCUSD_PERP,bid,56000,662.45
2024-09-11 16:03:25,BTCUSD_PERP,bid,56000,717.33
2024-09-11 16:03:25,BTCUSD_PERP,bid,56000,882.54
2024-09-11 16:03:25,BTCUSD_PERP,bid,56000,937.99
2024-09-11 16:04:33,BTCUSD_PERP,bid,56000,938.12
2024-09-11 16:04:35,BTCUSD_PERP,bid,56000,938.25
2024-09-11 16:05:28,BTCUSD_PERP,bid,56000,883.37
2024-09-11 16:05:28,BTCUSD_PERP,bid,56000,662.81
2024-09-11 16:05:29,BTCUSD_PERP,bid,56000,607.93
2024-09-11 16:05:29,BTCUSD_PERP,bid,56000,551.24
2024-09-11 16:05:29,BTCUSD_PERP,bid,56000,606.71
2024-09-11 16:05:29,BTCUSD_PERP,bid,56000,716.53
2024-09-11 16:05:30,BTCUSD_PERP,bid,56000,772.0
2024-09-11 16:05:30,BTCUSD_PERP,bid,56000,828.64
2024-09-11 16:05:30,BTCUSD_PERP,bid,56000,884.11
2024-09-11 16:05:30,BTCUSD_PERP,bid,56000,939.58
2024-09-11 16:06:52,BTCUSD_PERP,bid,56000,717.7
2024-09-11 16:06:53,BTCUSD_PERP,bid,56000,772.13
2024-09-11 16:06:53,BTCUSD_PERP,bid,56000,827.57
2024-09-11 16:09:54,BTCUSD_PERP,bid,56000,772.13
2024-09-11 16:09:55,BTCUSD_PERP,bid,56000,661.81
2024-09-11 16:09:55,BTCUSD_PERP,bid,56000,606.37
2024-09-11 16:09:55,BTCUSD_PERP,bid,56000,551.49
2024-09-11 16:23:18,BTCUSD_PERP,bid,56100,552.79
2024-09-11 16:24:00,BTCUSD_PERP,bid,56100,553.54
2024-09-11 16:24:49,BTCUSD_PERP,bid,56000,553.02
2024-09-11 16:25:29,BTCUSD_PERP,bid,56000,772.78
2024-09-11 16:25:29,BTCUSD_PERP,bid,56000,828.23
2024-09-11 16:25:29,BTCUSD_PERP,bid,56000,883.68
2024-09-11 16:25:58,BTCUSD_PERP,bid,56000,828.23
2024-09-11 16:25:58,BTCUSD_PERP,bid,55900,551.85
2024-09-11 16:25:58,BTCUSD_PERP,bid,55900,827.83
2024-09-11 16:25:58,BTCUSD_PERP,bid,55900,883.25
2024-09-11 16:26:27,BTCUSD_PERP,bid,55900,772.98
2024-09-11 16:26:27,BTCUSD_PERP,bid,55900,717.56
2024-09-11 16:26:27,BTCUSD_PERP,bid,55900,662.14
2024-09-11 16:26:27,BTCUSD_PERP,bid,55900,606.72
2024-09-11 16:26:28,BTCUSD_PERP,bid,55900,551.3
2024-09-11 16:26:28,BTCUSD_PERP,bid,56000,552.92
2024-09-11 16:26:28,BTCUSD_PERP,bid,56000,662.72
2024-09-11 16:26:29,BTCUSD_PERP,bid,56000,717.62
2024-09-11 16:26:29,BTCUSD_PERP,bid,56000,772.98
2024-09-11 16:26:29,BTCUSD_PERP,bid,56000,883.34
2024-09-11 16:26:29,BTCUSD_PERP,bid,56000,993.7
2024-09-11 16:26:51,BTCUSD_PERP,bid,56000,995.71
2024-09-11 16:26:52,BTCUSD_PERP,bid,56000,996.88
2024-09-11 16:26:53,BTCUSD_PERP,bid,56000,1010.31
2024-09-11 16:27:10,BTCUSD_PERP,bid,56000,1010.44
2024-09-11 16:27:48,BTCUSD_PERP,bid,56000,845.19
2024-09-11 16:27:48,BTCUSD_PERP,bid,56000,789.73
2024-09-11 16:27:48,BTCUSD_PERP,bid,56000,734.83
2024-09-11 16:27:49,BTCUSD_PERP,bid,56000,623.91
2024-09-11 16:27:49,BTCUSD_PERP,bid,56000,662.97
2024-09-11 16:27:50,BTCUSD_PERP,bid,56000,717.9
2024-09-11 16:27:50,BTCUSD_PERP,bid,56000,772.83
2024-09-11 16:27:50,BTCUSD_PERP,bid,56000,938.73
2024-09-11 16:27:50,BTCUSD_PERP,bid,56000,994.22
2024-09-11 16:28:30,BTCUSD_PERP,bid,56000,829.44
2024-09-11 16:29:10,BTCUSD_PERP,bid,56000,551.89
2024-09-11 16:29:10,BTCUSD_PERP,bid,56000,662.85
2024-09-11 16:29:10,BTCUSD_PERP,bid,56000,718.33
2024-09-11 16:29:11,BTCUSD_PERP,bid,56000,773.25
2024-09-11 16:29:11,BTCUSD_PERP,bid,56000,773.38
2024-09-11 16:30:03,BTCUSD_PERP,bid,56000,607.51
2024-09-11 16:30:03,BTCUSD_PERP,bid,56000,552.59
2024-09-11 16:42:24,BTCUSD_PERP,bid,56100,553.46
2024-09-11 16:42:24,BTCUSD_PERP,bid,56100,609.04
2024-09-11 16:42:24,BTCUSD_PERP,bid,56100,774.65
2024-09-11 16:42:24,BTCUSD_PERP,bid,56100,830.23
2024-09-11 16:42:25,BTCUSD_PERP,bid,56100,843.68
2024-09-11 16:42:32,BTCUSD_PERP,bid,56100,788.66
2024-09-11 16:42:34,BTCUSD_PERP,bid,56100,608.9
2024-09-11 16:42:34,BTCUSD_PERP,bid,56100,775.63
2024-09-11 16:42:34,BTCUSD_PERP,bid,56100,830.68
2024-09-11 16:42:34,BTCUSD_PERP,bid,56100,885.73
2024-09-11 16:42:34,BTCUSD_PERP,bid,56100,941.34
2024-09-11 16:43:16,BTCUSD_PERP,bid,56100,885.73
2024-09-11 16:43:16,BTCUSD_PERP,bid,56100,830.12
2024-09-11 16:43:17,BTCUSD_PERP,bid,56100,775.07
2024-09-11 16:43:17,BTCUSD_PERP,bid,56100,664.41
2024-09-11 16:43:25,BTCUSD_PERP,bid,56100,609.47
2024-09-11 16:43:28,BTCUSD_PERP,bid,56100,664.53
2024-09-11 16:44:03,BTCUSD_PERP,bid,56100,609.14
2024-09-11 16:48:05,BTCUSD_PERP,bid,56100,568.87
2024-09-11 16:48:05,BTCUSD_PERP,bid,56100,623.92
2024-09-11 16:48:05,BTCUSD_PERP,bid,56100,625.92
2024-09-11 16:48:59,BTCUSD_PERP,bid,56200,554.63
2024-09-11 16:48:59,BTCUSD_PERP,bid,56200,610.27
2024-09-11 16:49:00,BTCUSD_PERP,bid,56200,776.63
2024-09-11 16:49:01,BTCUSD_PERP,bid,56200,832.27
2024-09-11 16:49:01,BTCUSD_PERP,bid,56200,887.91
2024-09-11 16:51:16,BTCUSD_PERP,bid,56200,832.27
2024-09-11 16:51:16,BTCUSD_PERP,bid,56100,775.65
2024-09-11 16:51:16,BTCUSD_PERP,bid,56100,831.26
2024-09-11 16:52:18,BTCUSD_PERP,bid,56100,609.47
2024-09-11 16:52:18,BTCUSD_PERP,bid,56100,554.42
2024-09-11 16:52:19,BTCUSD_PERP,bid,56200,554.33
2024-09-11 16:52:19,BTCUSD_PERP,bid,56200,609.97
2024-09-11 16:52:19,BTCUSD_PERP,bid,56200,665.61
2024-09-11 16:52:19,BTCUSD_PERP,bid,56200,776.33
2024-09-11 16:52:20,BTCUSD_PERP,bid,56200,831.97
2024-09-11 16:52:20,BTCUSD_PERP,bid,56200,887.61
2024-09-11 16:52:20,BTCUSD_PERP,bid,56200,943.25
2024-09-11 16:53:34,BTCUSD_PERP,bid,56200,943.12
2024-09-11 16:53:41,BTCUSD_PERP,bid,56200,942.99
2024-09-11 16:54:06,BTCUSD_PERP,bid,56200,887.35
2024-09-11 16:54:06,BTCUSD_PERP,bid,56200,832.27
2024-09-11 16:54:06,BTCUSD_PERP,bid,56200,776.63
2024-09-11 16:54:06,BTCUSD_PERP,bid,56200,665.91
2024-09-11 16:54:06,BTCUSD_PERP,bid,56200,554.63
2024-09-11 16:54:08,BTCUSD_PERP,bid,56200,556.95
2024-09-11 16:54:08,BTCUSD_PERP,bid,56200,558.12
2024-09-11 16:54:51,BTCUSD_PERP,bid,56200,610.18
2024-09-11 16:54:52,BTCUSD_PERP,bid,56200,665.81
2024-09-11 16:54:55,BTCUSD_PERP,bid,56200,555.1
2024-09-11 16:54:55,BTCUSD_PERP,bid,56100,609.93
2024-09-11 16:54:55,BTCUSD_PERP,bid,56100,665.54
2024-09-11 16:55:13,BTCUSD_PERP,bid,56200,610.26
2024-09-11 16:55:13,BTCUSD_PERP,bid,56200,665.9
2024-09-11 16:58:58,BTCUSD_PERP,bid,56100,609.93
2024-09-11 16:58:59,BTCUSD_PERP,bid,56100,665.54
2024-09-11 17:00:45,BTCUSD_PERP,bid,56100,609.93
2024-09-11 17:00:45,BTCUSD_PERP,bid,56100,554.32
2024-09-11 17:00:47,BTCUSD_PERP,bid,56200,554.63
2024-09-11 17:00:47,BTCUSD_PERP,bid,56200,610.27
2024-09-11 17:01:11,BTCUSD_PERP,bid,56200,555.19
2024-09-11 17:01:11,BTCUSD_PERP,bid,56100,555.45
2024-09-11 17:01:49,BTCUSD_PERP,bid,56100,554.57
2024-09-11 17:03:20,BTCUSD_PERP,bid,56100,665.49
2024-09-11 17:03:20,BTCUSD_PERP,bid,56100,720.49
2024-09-11 17:03:20,BTCUSD_PERP,bid,56100,776.05
2024-09-11 17:03:40,BTCUSD_PERP,bid,56100,875.95
2024-09-11 17:04:24,BTCUSD_PERP,bid,56100,820.39
2024-09-11 17:04:24,BTCUSD_PERP,bid,56100,764.93
2024-09-11 17:04:25,BTCUSD_PERP,bid,56100,709.37
2024-09-11 17:04:25,BTCUSD_PERP,bid,56100,653.81
2024-09-11 17:04:25,BTCUSD_PERP,bid,56100,554.66
2024-09-11 17:04:25,BTCUSD_PERP,bid,56100,609.68
2024-09-11 17:04:26,BTCUSD_PERP,bid,56100,720.29
2024-09-11 17:04:26,BTCUSD_PERP,bid,56100,775.31
2024-09-11 17:04:26,BTCUSD_PERP,bid,56100,941.51
2024-09-11 17:05:44,BTCUSD_PERP,bid,56100,774.84
2024-09-11 17:05:44,BTCUSD_PERP,bid,56100,887.01
2024-09-11 17:05:44,BTCUSD_PERP,bid,56100,997.69
2024-09-11 17:06:10,BTCUSD_PERP,bid,56100,942.07
2024-09-11 17:06:10,BTCUSD_PERP,bid,56100,831.4
2024-09-11 17:06:10,BTCUSD_PERP,bid,56100,776.34
2024-09-11 17:06:11,BTCUSD_PERP,bid,56100,554.98
2024-09-11 17:06:11,BTCUSD_PERP,bid,56100,553.63
2024-09-11 17:06:12,BTCUSD_PERP,bid,56100,719.25
2024-09-11 17:06:12,BTCUSD_PERP,bid,56100,774.83
2024-09-11 17:06:12,BTCUSD_PERP,bid,56100,884.87
2024-09-11 17:06:12,BTCUSD_PERP,bid,56100,1051.51
2024-09-11 17:06:12,BTCUSD_PERP,bid,56100,1107.09
2024-09-11 17:06:12,BTCUSD_PERP,bid,56000,540.36
2024-09-11 17:06:12,BTCUSD_PERP,bid,56100,1162.67
2024-09-11 17:06:13,BTCUSD_PERP,bid,56100,1176.13
2024-09-11 17:06:45,BTCUSD_PERP,bid,56100,1120.55
2024-09-11 17:06:45,BTCUSD_PERP,bid,56100,663.79
2024-09-11 17:06:45,BTCUSD_PERP,bid,56100,995.88
2024-09-11 17:06:45,BTCUSD_PERP,bid,56000,540.08
2024-09-11 17:06:45,BTCUSD_PERP,bid,56100,1051.43
2024-09-11 17:08:40,BTCUSD_PERP,bid,56000,718.94
2024-09-11 17:08:40,BTCUSD_PERP,bid,56000,995.45
2024-09-11 17:08:40,BTCUSD_PERP,bid,56000,539.79
2024-09-11 17:08:41,BTCUSD_PERP,bid,56000,1050.98
2024-09-11 17:09:26,BTCUSD_PERP,bid,56000,994.91
2024-09-11 17:09:26,BTCUSD_PERP,bid,56000,553.27
2024-09-11 17:09:26,BTCUSD_PERP,bid,56000,1050.41
2024-09-11 17:13:32,BTCUSD_PERP,bid,56000,607.36
2024-09-11 17:13:32,BTCUSD_PERP,bid,56000,995.51
2024-09-11 17:13:32,BTCUSD_PERP,bid,56000,539.86
2024-09-11 17:13:32,BTCUSD_PERP,bid,56000,1051.04
2024-09-11 17:14:14,BTCUSD_PERP,bid,56000,941.11
2024-09-11 17:14:14,BTCUSD_PERP,bid,56000,775.08
2024-09-11 17:14:14,BTCUSD_PERP,bid,56000,719.55
2024-09-11 17:14:14,BTCUSD_PERP,bid,56000,552.96
2024-09-11 17:14:15,BTCUSD_PERP,bid,56000,663.15
2024-09-11 17:14:15,BTCUSD_PERP,bid,56000,718.65
2024-09-11 17:14:15,BTCUSD_PERP,bid,56000,774.05
2024-09-11 17:14:15,BTCUSD_PERP,bid,56000,884.48
2024-09-11 17:14:15,BTCUSD_PERP,bid,56000,939.98
2024-09-11 17:14:16,BTCUSD_PERP,bid,56000,994.91
2024-09-11 17:14:16,BTCUSD_PERP,bid,56000,539.46
2024-09-11 17:14:16,BTCUSD_PERP,bid,56000,1050.41
2024-09-11 17:16:27,BTCUSD_PERP,bid,56000,774.05
2024-09-11 17:18:11,BTCUSD_PERP,bid,56000,539.47
2024-09-11 17:18:11,BTCUSD_PERP,bid,56000,773.07
2024-09-11 17:18:11,BTCUSD_PERP,bid,56000,828.57
2024-09-11 17:19:35,BTCUSD_PERP,bid,56000,884.45
2024-09-11 17:19:35,BTCUSD_PERP,bid,56000,939.98
2024-09-11 17:20:01,BTCUSD_PERP,bid,56000,884.45
2024-09-11 17:20:02,BTCUSD_PERP,bid,56000,828.92
2024-09-11 17:20:02,BTCUSD_PERP,bid,56000,773.39
2024-09-11 17:20:02,BTCUSD_PERP,bid,56000,662.89
2024-09-11 17:20:02,BTCUSD_PERP,bid,56000,607.36
2024-09-11 17:20:02,BTCUSD_PERP,bid,56100,664.68
2024-09-11 17:20:02,BTCUSD_PERP,bid,56100,719.67
2024-09-11 17:21:02,BTCUSD_PERP,bid,56100,609.12
2024-09-11 17:21:02,BTCUSD_PERP,bid,56000,552.95
2024-09-11 17:21:02,BTCUSD_PERP,bid,56000,608.48
2024-09-11 17:22:03,BTCUSD_PERP,bid,56000,828.98
2024-09-11 17:22:03,BTCUSD_PERP,bid,56000,884.47
2024-09-11 17:25:17,BTCUSD_PERP,bid,55900,828.4
2024-09-11 17:25:17,BTCUSD_PERP,bid,55900,883.82
2024-09-11 17:25:26,BTCUSD_PERP,bid,55900,718.12
2024-09-11 17:25:26,BTCUSD_PERP,bid,55900,606.95
2024-09-11 17:25:26,BTCUSD_PERP,bid,55900,662.34
2024-09-11 17:25:28,BTCUSD_PERP,bid,55900,661.4
2024-09-11 17:25:28,BTCUSD_PERP,bid,55900,716.76
2024-09-11 17:25:32,BTCUSD_PERP,bid,55900,606.6
2024-09-11 17:25:32,BTCUSD_PERP,bid,55900,551.82
2024-09-11 17:25:40,BTCUSD_PERP,bid,55800,550.96
2024-09-11 17:25:40,BTCUSD_PERP,bid,55800,606.29
2024-09-11 17:25:41,BTCUSD_PERP,bid,55800,550.1
2024-09-11 17:25:41,BTCUSD_PERP,bid,55800,605.39
2024-09-11 17:25:44,BTCUSD_PERP,bid,55800,550.1
2024-09-11 17:28:04,BTCUSD_PERP,bid,55900,551.82
2024-09-11 17:28:04,BTCUSD_PERP,bid,55900,607.17
2024-09-11 17:28:05,BTCUSD_PERP,bid,55900,662.42
2024-09-11 17:28:05,BTCUSD_PERP,bid,55900,717.21
2024-09-11 17:28:05,BTCUSD_PERP,bid,55900,772.56
2024-09-11 17:28:26,BTCUSD_PERP,bid,55900,717.31
2024-09-11 17:28:26,BTCUSD_PERP,bid,55900,662.52
2024-09-11 17:28:26,BTCUSD_PERP,bid,55900,607.17
2024-09-11 17:30:21,BTCUSD_PERP,bid,56000,552.85
2024-09-11 17:30:21,BTCUSD_PERP,bid,56000,663.87
2024-09-11 17:30:21,BTCUSD_PERP,bid,56000,719.38
2024-09-11 17:30:39,BTCUSD_PERP,bid,56000,664.43
2024-09-11 17:30:40,BTCUSD_PERP,bid,56000,609.48
2024-09-11 17:30:40,BTCUSD_PERP,bid,56000,553.97
2024-09-11 17:31:22,BTCUSD_PERP,bid,56100,553.15
2024-09-11 17:32:55,BTCUSD_PERP,bid,56100,608.7
2024-09-11 17:35:55,BTCUSD_PERP,bid,56000,551.82
2024-09-11 17:35:55,BTCUSD_PERP,bid,56000,607.28
2024-09-11 17:36:11,BTCUSD_PERP,bid,56000,552.39
2024-09-11 17:36:13,BTCUSD_PERP,bid,56000,552.62
2024-09-11 17:36:15,BTCUSD_PERP,bid,56000,553.79
2024-09-11 17:36:40,BTCUSD_PERP,bid,56000,552.62
2024-09-11 17:36:45,BTCUSD_PERP,bid,56000,608.45
2024-09-11 17:36:46,BTCUSD_PERP,bid,56000,718.94
2024-09-11 17:36:46,BTCUSD_PERP,bid,56000,773.9
2024-09-11 17:36:46,BTCUSD_PERP,bid,56000,829.43
2024-09-11 17:36:53,BTCUSD_PERP,bid,56000,773.9
2024-09-11 17:36:53,BTCUSD_PERP,bid,56000,718.94
2024-09-11 17:36:53,BTCUSD_PERP,bid,56000,663.41
2024-09-11 17:36:53,BTCUSD_PERP,bid,56000,608.45
2024-09-11 17:36:54,BTCUSD_PERP,bid,56100,553.82
2024-09-11 17:40:09,BTCUSD_PERP,bid,56000,607.85
2024-09-11 17:40:45,BTCUSD_PERP,bid,56000,552.47
2024-09-11 17:45:57,BTCUSD_PERP,bid,56000,552.99
2024-09-11 18:02:07,BTCUSD_PERP,bid,56100,553.81
2024-09-11 18:02:07,BTCUSD_PERP,bid,56100,664.37
2024-09-11 18:02:49,BTCUSD_PERP,bid,56100,608.81
2024-09-11 18:02:49,BTCUSD_PERP,bid,56100,553.25
2024-09-11 18:02:50,BTCUSD_PERP,bid,56000,554.63
2024-09-11 18:02:50,BTCUSD_PERP,bid,56000,609.6
2024-09-11 18:02:50,BTCUSD_PERP,bid,56000,664.57
2024-09-11 18:02:50,BTCUSD_PERP,bid,56000,719.54
2024-09-11 18:02:51,BTCUSD_PERP,bid,56000,775.07
2024-09-11 18:02:51,BTCUSD_PERP,bid,56000,830.04
2024-09-11 18:02:51,BTCUSD_PERP,bid,56000,539.82
2024-09-11 18:02:51,BTCUSD_PERP,bid,56000,885.01
2024-09-11 18:02:51,BTCUSD_PERP,bid,56000,995.51
2024-09-11 18:03:31,BTCUSD_PERP,bid,56000,885.57
2024-09-11 18:03:31,BTCUSD_PERP,bid,56000,775.64
2024-09-11 18:03:31,BTCUSD_PERP,bid,56000,720.11
2024-09-11 18:03:31,BTCUSD_PERP,bid,56000,609.61
2024-09-11 18:03:31,BTCUSD_PERP,bid,56000,554.08
2024-09-11 18:04:06,BTCUSD_PERP,bid,56100,553.0
2024-09-11 18:04:16,BTCUSD_PERP,bid,56100,552.69
2024-09-11 18:04:25,BTCUSD_PERP,bid,56100,552.82
2024-09-11 18:07:54,BTCUSD_PERP,bid,56100,552.69
2024-09-11 18:09:30,BTCUSD_PERP,bid,56100,774.64
2024-09-11 18:09:30,BTCUSD_PERP,bid,56100,830.18
2024-09-11 18:09:38,BTCUSD_PERP,bid,56100,774.64
2024-09-11 18:09:38,BTCUSD_PERP,bid,56100,608.58
2024-09-11 18:09:39,BTCUSD_PERP,bid,56100,553.04
2024-09-11 18:09:40,BTCUSD_PERP,bid,56100,554.02
2024-09-11 18:10:35,BTCUSD_PERP,bid,56100,608.97
2024-09-11 18:10:36,BTCUSD_PERP,bid,56100,664.59
2024-09-11 18:10:36,BTCUSD_PERP,bid,56100,775.83
2024-09-11 18:10:36,BTCUSD_PERP,bid,56100,831.35
2024-09-11 18:11:56,BTCUSD_PERP,bid,47000,2439.88
2024-09-11 18:12:14,BTCUSD_PERP,bid,56100,776.3
2024-09-11 18:12:15,BTCUSD_PERP,bid,56100,720.68
2024-09-11 18:12:15,BTCUSD_PERP,bid,56100,610.01
2024-09-11 18:12:15,BTCUSD_PERP,bid,56100,554.39
2024-09-11 18:12:16,BTCUSD_PERP,bid,56200,609.87
2024-09-11 18:12:51,BTCUSD_PERP,bid,56200,554.22
2024-09-11 18:13:10,BTCUSD_PERP,bid,56200,554.31
2024-09-11 18:16:22,BTCUSD_PERP,bid,56100,609.57
2024-09-11 18:17:05,BTCUSD_PERP,bid,56100,554.51
2024-09-11 18:17:06,BTCUSD_PERP,bid,56200,609.46
2024-09-11 18:17:06,BTCUSD_PERP,bid,56200,665.13
2024-09-11 18:17:06,BTCUSD_PERP,bid,56200,720.8
2024-09-11 18:17:06,BTCUSD_PERP,bid,56200,776.47
2024-09-11 18:18:10,BTCUSD_PERP,bid,56200,721.36
2024-09-11 18:18:10,BTCUSD_PERP,bid,56200,665.8
2024-09-11 18:18:10,BTCUSD_PERP,bid,56200,721.43
2024-09-11 18:19:51,BTCUSD_PERP,bid,56200,665.8
2024-09-11 18:19:51,BTCUSD_PERP,bid,56200,665.82
2024-09-11 18:19:51,BTCUSD_PERP,bid,56200,721.5
2024-09-11 18:19:51,BTCUSD_PERP,bid,56200,777.18
2024-09-11 18:21:15,BTCUSD_PERP,bid,56200,721.5
2024-09-11 18:21:15,BTCUSD_PERP,bid,56200,554.56
2024-09-11 18:21:16,BTCUSD_PERP,bid,56200,555.23
2024-09-11 18:21:16,BTCUSD_PERP,bid,56200,610.93
2024-09-11 18:21:16,BTCUSD_PERP,bid,56200,666.63
2024-09-11 18:21:17,BTCUSD_PERP,bid,56200,722.33
2024-09-11 18:21:17,BTCUSD_PERP,bid,56200,777.46
2024-09-11 18:22:38,BTCUSD_PERP,bid,56200,721.76
2024-09-11 18:22:38,BTCUSD_PERP,bid,56200,610.09
2024-09-11 18:22:38,BTCUSD_PERP,bid,56200,665.77
2024-09-11 18:28:47,BTCUSD_PERP,bid,56200,553.79
2024-09-11 18:28:47,BTCUSD_PERP,bid,56200,665.13
2024-09-11 18:32:10,BTCUSD_PERP,bid,56200,609.46
2024-09-11 18:32:10,BTCUSD_PERP,bid,56200,554.35
2024-09-11 18:32:12,BTCUSD_PERP,bid,56200,556.52
2024-09-11 18:33:38,BTCUSD_PERP,bid,56200,720.92
2024-09-11 18:33:38,BTCUSD_PERP,bid,56200,776.6
2024-09-11 18:35:40,BTCUSD_PERP,bid,56200,793.44
2024-09-11 18:36:13,BTCUSD_PERP,bid,56200,738.33
2024-09-11 18:36:13,BTCUSD_PERP,bid,56200,683.21
2024-09-11 18:36:13,BTCUSD_PERP,bid,56200,628.09
2024-09-11 18:36:13,BTCUSD_PERP,bid,56200,572.41
2024-09-11 18:38:52,BTCUSD_PERP,bid,56300,555.0
2024-09-11 18:39:03,BTCUSD_PERP,bid,56300,554.7
2024-09-11 18:39:03,BTCUSD_PERP,bid,56300,609.89
2024-09-11 18:39:18,BTCUSD_PERP,bid,56300,554.7
2024-09-11 18:39:21,BTCUSD_PERP,bid,56300,999.55
2024-09-11 18:40:10,BTCUSD_PERP,bid,56300,944.33
2024-09-11 18:40:10,BTCUSD_PERP,bid,56300,722.89
2024-09-11 18:40:10,BTCUSD_PERP,bid,56300,667.11
2024-09-11 18:40:11,BTCUSD_PERP,bid,56300,611.9
2024-09-11 18:40:11,BTCUSD_PERP,bid,56300,610.65
2024-09-11 18:40:11,BTCUSD_PERP,bid,56300,777.55
2024-09-11 18:40:11,BTCUSD_PERP,bid,56300,833.37
2024-09-11 18:40:12,BTCUSD_PERP,bid,56300,945.01
2024-09-11 18:40:12,BTCUSD_PERP,bid,56300,1000.27
2024-09-11 18:40:56,BTCUSD_PERP,bid,56300,833.94
2024-09-11 18:40:56,BTCUSD_PERP,bid,56300,667.6
2024-09-11 18:40:56,BTCUSD_PERP,bid,56300,888.62
2024-09-11 18:40:56,BTCUSD_PERP,bid,56300,944.4
2024-09-11 18:41:55,BTCUSD_PERP,bid,56300,722.38
2024-09-11 18:41:55,BTCUSD_PERP,bid,56300,943.98
2024-09-11 18:43:49,BTCUSD_PERP,bid,56300,888.22
2024-09-11 18:43:49,BTCUSD_PERP,bid,56300,833.02
2024-09-11 18:43:49,BTCUSD_PERP,bid,56300,777.26
2024-09-11 18:43:49,BTCUSD_PERP,bid,56300,665.74
2024-09-11 18:43:50,BTCUSD_PERP,bid,56200,777.18
2024-09-11 18:43:50,BTCUSD_PERP,bid,56200,943.8
2024-09-11 18:45:09,BTCUSD_PERP,bid,56200,555.97
2024-09-11 18:46:44,BTCUSD_PERP,bid,56200,556.64
2024-09-11 18:46:44,BTCUSD_PERP,bid,56200,667.54
2024-09-11 18:46:44,BTCUSD_PERP,bid,56200,777.88
2024-09-11 18:46:45,BTCUSD_PERP,bid,56200,833.04
2024-09-11 18:46:45,BTCUSD_PERP,bid,56200,888.77
2024-09-11 18:46:45,BTCUSD_PERP,bid,56200,943.94
2024-09-11 18:46:45,BTCUSD_PERP,bid,56200,999.11
2024-09-11 18:47:52,BTCUSD_PERP,bid,56200,943.38
2024-09-11 18:47:52,BTCUSD_PERP,bid,56200,887.65
2024-09-11 18:47:52,BTCUSD_PERP,bid,56200,832.02
2024-09-11 18:47:52,BTCUSD_PERP,bid,56200,776.29
2024-09-11 18:47:52,BTCUSD_PERP,bid,56200,610.89
2024-09-11 18:47:52,BTCUSD_PERP,bid,56200,998.51
2024-09-11 18:48:03,BTCUSD_PERP,bid,56200,887.68
2024-09-11 18:48:03,BTCUSD_PERP,bid,56200,776.28
2024-09-11 18:48:04,BTCUSD_PERP,bid,56200,721.15
2024-09-11 18:48:04,BTCUSD_PERP,bid,56200,665.45
2024-09-11 18:48:04,BTCUSD_PERP,bid,56200,610.32
2024-09-11 18:48:04,BTCUSD_PERP,bid,56200,555.19
2024-09-11 18:48:04,BTCUSD_PERP,bid,56300,554.13
2024-09-11 18:48:04,BTCUSD_PERP,bid,56300,609.88
2024-09-11 18:48:16,BTCUSD_PERP,bid,56300,554.69
2024-09-11 18:51:40,BTCUSD_PERP,bid,56300,555.73
2024-09-11 18:51:40,BTCUSD_PERP,bid,56300,611.48
2024-09-11 18:51:40,BTCUSD_PERP,bid,56300,721.85
2024-09-11 18:51:40,BTCUSD_PERP,bid,56300,832.23
2024-09-11 18:52:16,BTCUSD_PERP,bid,56300,720.73
2024-09-11 18:52:16,BTCUSD_PERP,bid,56300,609.32
2024-09-11 18:52:16,BTCUSD_PERP,bid,56300,553.57
2024-09-11 18:52:17,BTCUSD_PERP,bid,56300,556.01
2024-09-11 18:52:17,BTCUSD_PERP,bid,56300,666.45
2024-09-11 18:52:17,BTCUSD_PERP,bid,56300,721.67
2024-09-11 18:52:17,BTCUSD_PERP,bid,56300,777.45
2024-09-11 18:52:17,BTCUSD_PERP,bid,56300,832.67
2024-09-11 18:53:42,BTCUSD_PERP,bid,56300,776.89
2024-09-11 18:53:42,BTCUSD_PERP,bid,56300,721.21
2024-09-11 18:53:42,BTCUSD_PERP,bid,56300,610.21
2024-09-11 18:53:42,BTCUSD_PERP,bid,56300,554.43
2024-09-11 18:53:42,BTCUSD_PERP,bid,56300,776.48
2024-09-11 18:53:43,BTCUSD_PERP,bid,56300,832.23
2024-09-11 18:54:08,BTCUSD_PERP,bid,56300,834.25
2024-09-11 18:56:04,BTCUSD_PERP,bid,56300,779.06
2024-09-11 18:56:04,BTCUSD_PERP,bid,56200,557.07
2024-09-11 18:56:04,BTCUSD_PERP,bid,56200,667.38
2024-09-11 18:56:04,BTCUSD_PERP,bid,56200,723.1
2024-09-11 19:03:06,BTCUSD_PERP,bid,56200,720.57
2024-09-11 19:03:41,BTCUSD_PERP,bid,56200,665.03
2024-09-11 19:03:41,BTCUSD_PERP,bid,56200,775.79
2024-09-11 19:03:41,BTCUSD_PERP,bid,56200,831.45
2024-09-11 19:03:48,BTCUSD_PERP,bid,56200,775.79
2024-09-11 19:03:48,BTCUSD_PERP,bid,56200,664.47
2024-09-11 19:03:49,BTCUSD_PERP,bid,56200,609.37
2024-09-11 19:03:49,BTCUSD_PERP,bid,56200,553.71
2024-09-11 19:03:59,BTCUSD_PERP,bid,56200,554.14
2024-09-11 19:03:59,BTCUSD_PERP,bid,56200,664.87
2024-09-11 19:10:58,BTCUSD_PERP,bid,56200,568.01
2024-09-11 19:10:59,BTCUSD_PERP,bid,56200,623.74
2024-09-11 19:11:18,BTCUSD_PERP,bid,56200,568.01
2024-09-11 19:11:19,BTCUSD_PERP,bid,56200,665.02
2024-09-11 19:11:23,BTCUSD_PERP,bid,56200,665.15
2024-09-11 19:11:32,BTCUSD_PERP,bid,56200,665.28
2024-09-11 19:12:46,BTCUSD_PERP,bid,56200,610.15
2024-09-11 19:12:46,BTCUSD_PERP,bid,56200,555.01
2024-09-11 19:13:08,BTCUSD_PERP,bid,56300,554.7
2024-09-11 19:13:08,BTCUSD_PERP,bid,56300,665.66
2024-09-11 19:18:09,BTCUSD_PERP,bid,56300,610.46
2024-09-11 19:18:11,BTCUSD_PERP,bid,56300,582.81
2024-09-11 19:21:13,BTCUSD_PERP,bid,47000,2439.84
2024-09-11 19:24:08,BTCUSD_PERP,bid,56200,665.71
2024-09-11 19:24:08,BTCUSD_PERP,bid,56200,776.57
2024-09-11 19:27:45,BTCUSD_PERP,bid,56200,555.29
2024-09-11 19:27:45,BTCUSD_PERP,bid,56200,610.89
2024-09-11 19:27:46,BTCUSD_PERP,bid,56200,666.02
2024-09-11 19:27:46,BTCUSD_PERP,bid,56200,721.72
2024-09-11 19:29:22,BTCUSD_PERP,bid,56200,666.59
2024-09-11 19:29:23,BTCUSD_PERP,bid,56200,610.89
2024-09-11 19:29:23,BTCUSD_PERP,bid,56200,555.19
2024-09-11 19:29:24,BTCUSD_PERP,bid,56200,555.05
2024-09-11 19:29:24,BTCUSD_PERP,bid,56200,610.22
2024-09-11 19:29:24,BTCUSD_PERP,bid,56200,665.85
2024-09-11 19:29:24,BTCUSD_PERP,bid,56200,721.58
2024-09-11 19:29:24,BTCUSD_PERP,bid,56200,833.04
2024-09-11 19:29:24,BTCUSD_PERP,bid,56200,888.77
2024-09-11 19:29:48,BTCUSD_PERP,bid,56200,777.31
2024-09-11 19:29:48,BTCUSD_PERP,bid,56200,721.58
2024-09-11 19:29:48,BTCUSD_PERP,bid,56200,610.68
2024-09-11 19:29:48,BTCUSD_PERP,bid,56200,554.95
2024-09-11 19:29:49,BTCUSD_PERP,bid,56300,611.11
2024-09-11 19:29:49,BTCUSD_PERP,bid,56300,666.31
2024-09-11 19:29:50,BTCUSD_PERP,bid,56300,722.07
2024-09-11 19:29:50,BTCUSD_PERP,bid,56300,777.73
2024-09-11 19:30:00,BTCUSD_PERP,bid,56300,722.07
