2024-08-21 07:00:31,SOLUSDT,bid,141,68159.0
2024-08-21 07:00:31,SOLUSDT,bid,141,68159.0
2024-08-21 07:00:32,SOLUSDT,bid,141,68146.0
2024-08-21 07:00:47,SOLUSDT,bid,141,68147.0
2024-08-21 07:01:52,SOLUSDT,bid,141,68146.0
2024-08-21 07:02:29,SOLUSDT,bid,141,68260.0
2024-08-21 07:03:04,SOLUSDT,bid,141,68146.0
2024-08-21 07:16:45,SOLUSDT,bid,141,68148.0
2024-08-21 07:18:28,SOLUSDT,bid,141,68146.0
2024-08-21 07:24:55,SOLUSDT,bid,142,65675.0
2024-08-21 07:25:01,SOLUSDT,bid,142,65498.0
2024-08-21 07:25:02,SOLUSDT,bid,142,65428.0
2024-08-21 07:25:20,SOLUSDT,bid,142,43632.0
2024-08-21 07:25:31,SOLUSDT,bid,142,43630.0
2024-08-21 07:33:10,SOLUSDT,bid,141,67843.0
2024-08-21 07:33:11,SOLUSDT,bid,141,67843.0
2024-08-21 07:33:12,SOLUSDT,bid,141,68089.0
2024-08-21 07:33:12,SOLUSDT,bid,141,67843.0
2024-08-21 07:33:15,SOLUSDT,bid,141,68182.0
2024-08-21 07:33:17,SOLUSDT,bid,141,68189.0
2024-08-21 07:33:17,SOLUSDT,bid,141,68182.0
2024-08-21 07:33:25,SOLUSDT,bid,141,68305.0
2024-08-21 07:33:26,SOLUSDT,bid,141,68182.0
2024-08-21 07:33:26,SOLUSDT,bid,141,68305.0
2024-08-21 07:33:26,SOLUSDT,bid,141,68182.0
2024-08-21 07:33:26,SOLUSDT,bid,141,68202.0
2024-08-21 07:33:27,SOLUSDT,bid,141,68199.0
2024-08-21 07:33:27,SOLUSDT,bid,141,68192.0
2024-08-21 07:33:36,SOLUSDT,bid,141,67853.0
2024-08-21 07:33:36,SOLUSDT,bid,141,67846.0
2024-08-21 07:33:43,SOLUSDT,bid,141,62147.0
2024-08-21 07:33:43,SOLUSDT,bid,141,62107.0
2024-08-21 07:33:44,SOLUSDT,bid,141,62106.0
2024-08-21 07:33:45,SOLUSDT,bid,141,62105.0
2024-08-21 07:33:46,SOLUSDT,bid,141,62036.0
2024-08-21 07:33:49,SOLUSDT,bid,141,62007.0
2024-08-21 07:33:49,SOLUSDT,bid,141,61989.0
2024-08-21 07:33:50,SOLUSDT,bid,141,61990.0
2024-08-21 07:33:50,SOLUSDT,bid,141,61989.0
2024-08-21 07:33:52,SOLUSDT,bid,141,62004.0
2024-08-21 07:33:54,SOLUSDT,bid,141,61989.0
2024-08-21 07:33:54,SOLUSDT,bid,141,61961.0
2024-08-21 07:34:00,SOLUSDT,bid,141,62101.0
2024-08-21 07:34:00,SOLUSDT,bid,141,61961.0
2024-08-21 07:34:00,SOLUSDT,bid,141,62066.0
2024-08-21 07:34:00,SOLUSDT,bid,141,61961.0
2024-08-21 07:34:01,SOLUSDT,bid,141,61971.0
2024-08-21 07:34:05,SOLUSDT,bid,141,61961.0
2024-08-21 07:34:18,SOLUSDT,bid,141,61966.0
2024-08-21 07:34:19,SOLUSDT,bid,141,61976.0
2024-08-21 07:34:19,SOLUSDT,bid,141,61977.0
2024-08-21 07:34:20,SOLUSDT,bid,141,61971.0
2024-08-21 07:34:22,SOLUSDT,bid,141,62006.0
2024-08-21 07:34:24,SOLUSDT,bid,141,61971.0
2024-08-21 07:34:24,SOLUSDT,bid,141,61971.0
2024-08-21 07:34:26,SOLUSDT,bid,141,62076.0
2024-08-21 07:34:27,SOLUSDT,bid,141,61971.0
2024-08-21 07:34:27,SOLUSDT,bid,141,62074.0
2024-08-21 07:34:28,SOLUSDT,bid,141,62074.0
2024-08-21 07:34:28,SOLUSDT,bid,141,61971.0
2024-08-21 07:34:29,SOLUSDT,bid,141,61973.0
2024-08-21 07:34:29,SOLUSDT,bid,141,61973.0
2024-08-21 07:34:29,SOLUSDT,bid,141,62076.0
2024-08-21 07:34:30,SOLUSDT,bid,141,61971.0
2024-08-21 07:34:51,SOLUSDT,bid,141,59632.0
2024-08-21 07:34:54,SOLUSDT,bid,141,59632.0
2024-08-21 07:34:58,SOLUSDT,bid,141,59635.0
2024-08-21 07:35:01,SOLUSDT,bid,141,59881.0
2024-08-21 07:35:01,SOLUSDT,bid,141,59635.0
2024-08-21 07:35:02,SOLUSDT,bid,141,59637.0
2024-08-21 07:35:02,SOLUSDT,bid,141,59634.0
2024-08-21 07:35:02,SOLUSDT,bid,141,59707.0
2024-08-21 07:35:03,SOLUSDT,bid,141,59633.0
2024-08-21 07:35:03,SOLUSDT,bid,141,59640.0
2024-08-21 07:35:03,SOLUSDT,bid,141,59633.0
2024-08-21 07:35:05,SOLUSDT,bid,141,59632.0
2024-08-21 07:35:10,SOLUSDT,bid,141,59632.0
2024-08-21 07:35:15,SOLUSDT,bid,141,59636.0
2024-08-21 07:35:17,SOLUSDT,bid,141,60128.0
2024-08-21 07:35:18,SOLUSDT,bid,141,59636.0
2024-08-21 07:35:26,SOLUSDT,bid,141,60379.0
2024-08-21 07:35:26,SOLUSDT,bid,141,60379.0
2024-08-21 07:35:26,SOLUSDT,bid,141,59636.0
2024-08-21 07:35:30,SOLUSDT,bid,141,59636.0
2024-08-21 07:35:32,SOLUSDT,bid,141,60486.0
2024-08-21 07:35:32,SOLUSDT,bid,141,59636.0
2024-08-21 07:35:45,SOLUSDT,bid,141,59636.0
2024-08-21 07:35:45,SOLUSDT,bid,141,59882.0
2024-08-21 07:35:47,SOLUSDT,bid,141,59636.0
2024-08-21 07:35:58,SOLUSDT,bid,141,59639.0
2024-08-21 07:35:59,SOLUSDT,bid,141,59636.0
2024-08-21 07:36:00,SOLUSDT,bid,141,59636.0
2024-08-21 07:36:01,SOLUSDT,bid,141,59759.0
2024-08-21 07:36:01,SOLUSDT,bid,141,59636.0
2024-08-21 07:36:05,SOLUSDT,bid,141,59643.0
2024-08-21 07:36:06,SOLUSDT,bid,141,59636.0
2024-08-21 07:36:17,SOLUSDT,bid,141,59636.0
2024-08-21 07:36:25,SOLUSDT,bid,141,59651.0
2024-08-21 07:36:28,SOLUSDT,bid,141,59636.0
2024-08-21 07:36:28,SOLUSDT,bid,141,59663.0
2024-08-21 07:36:38,SOLUSDT,bid,141,59863.0
2024-08-21 07:36:42,SOLUSDT,bid,141,59663.0
2024-08-21 07:36:52,SOLUSDT,bid,141,59668.0
2024-08-21 07:37:19,SOLUSDT,bid,141,59668.0
2024-08-21 07:37:36,SOLUSDT,bid,141,59668.0
2024-08-21 07:37:36,SOLUSDT,bid,141,59668.0
2024-08-21 07:37:41,SOLUSDT,bid,141,59674.0
2024-08-21 07:37:50,SOLUSDT,bid,141,59668.0
2024-08-21 07:37:56,SOLUSDT,bid,141,59683.0
2024-08-21 07:37:59,SOLUSDT,bid,141,59679.0
2024-08-21 07:38:01,SOLUSDT,bid,141,59664.0
2024-08-21 07:38:29,SOLUSDT,bid,141,59977.0
2024-08-21 07:38:32,SOLUSDT,bid,141,59977.0
2024-08-21 07:38:34,SOLUSDT,bid,141,59664.0
2024-08-21 07:38:37,SOLUSDT,bid,141,59678.0
2024-08-21 07:38:40,SOLUSDT,bid,141,59664.0
2024-08-21 07:39:00,SOLUSDT,bid,141,59728.0
2024-08-21 07:39:01,SOLUSDT,bid,141,59768.0
2024-08-21 07:39:01,SOLUSDT,bid,141,59768.0
2024-08-21 07:39:01,SOLUSDT,bid,141,59775.0
2024-08-21 07:39:01,SOLUSDT,bid,141,59891.0
2024-08-21 07:39:02,SOLUSDT,bid,141,60014.0
2024-08-21 07:39:02,SOLUSDT,bid,141,59768.0
2024-08-21 07:39:06,SOLUSDT,bid,141,59726.0
2024-08-21 07:39:08,SOLUSDT,bid,141,59931.0
2024-08-21 07:39:09,SOLUSDT,bid,141,59926.0
2024-08-21 07:39:09,SOLUSDT,bid,141,59680.0
2024-08-21 07:39:11,SOLUSDT,bid,141,59681.0
2024-08-21 07:39:30,SOLUSDT,bid,141,59680.0
2024-08-21 07:40:00,SOLUSDT,bid,141,59647.0
2024-08-21 07:40:13,SOLUSDT,bid,141,62884.0
2024-08-21 07:40:37,SOLUSDT,bid,141,62885.0
2024-08-21 07:41:04,SOLUSDT,bid,141,62887.0
2024-08-21 07:41:11,SOLUSDT,bid,141,62887.0
2024-08-21 07:41:11,SOLUSDT,bid,141,62885.0
2024-08-21 07:41:23,SOLUSDT,bid,141,62885.0
2024-08-21 07:41:23,SOLUSDT,bid,141,62892.0
2024-08-21 07:41:24,SOLUSDT,bid,141,62885.0
2024-08-21 07:41:28,SOLUSDT,bid,141,62892.0
2024-08-21 07:41:29,SOLUSDT,bid,141,62885.0
2024-08-21 07:41:31,SOLUSDT,bid,141,62886.0
2024-08-21 07:41:31,SOLUSDT,bid,141,62885.0
2024-08-21 07:41:51,SOLUSDT,bid,141,62889.0
2024-08-21 07:42:00,SOLUSDT,bid,141,62885.0
2024-08-21 07:42:11,SOLUSDT,bid,141,62898.0
2024-08-21 07:42:12,SOLUSDT,bid,141,62885.0
2024-08-21 07:42:22,SOLUSDT,bid,141,62885.0
2024-08-21 07:42:28,SOLUSDT,bid,141,62898.0
2024-08-21 07:42:29,SOLUSDT,bid,141,62885.0
2024-08-21 07:42:34,SOLUSDT,bid,141,62884.0
2024-08-21 07:42:45,SOLUSDT,bid,141,62897.0
2024-08-21 07:42:45,SOLUSDT,bid,141,62884.0
2024-08-21 07:42:48,SOLUSDT,bid,141,62897.0
2024-08-21 07:42:48,SOLUSDT,bid,141,62884.0
2024-08-21 07:42:49,SOLUSDT,bid,141,62897.0
2024-08-21 07:42:50,SOLUSDT,bid,141,62884.0
2024-08-21 07:42:51,SOLUSDT,bid,141,62884.0
2024-08-21 07:42:55,SOLUSDT,bid,141,62897.0
2024-08-21 07:42:55,SOLUSDT,bid,141,62897.0
2024-08-21 07:42:55,SOLUSDT,bid,141,62884.0
2024-08-21 07:42:55,SOLUSDT,bid,141,62897.0
2024-08-21 07:42:56,SOLUSDT,bid,141,62884.0
2024-08-21 07:43:27,SOLUSDT,bid,141,62878.0
2024-08-21 07:43:34,SOLUSDT,bid,141,62891.0
2024-08-21 07:43:34,SOLUSDT,bid,141,62878.0
2024-08-21 07:44:08,SOLUSDT,bid,141,62891.0
2024-08-21 07:44:08,SOLUSDT,bid,141,62878.0
2024-08-21 07:44:13,SOLUSDT,bid,141,62891.0
2024-08-21 07:44:14,SOLUSDT,bid,141,62878.0
2024-08-21 07:44:32,SOLUSDT,bid,141,63191.0
2024-08-21 07:44:37,SOLUSDT,bid,141,62878.0
2024-08-21 07:45:00,SOLUSDT,bid,141,62888.0
2024-08-21 07:45:12,SOLUSDT,bid,141,62878.0
2024-08-21 07:48:43,SOLUSDT,bid,141,63140.0
2024-08-21 07:48:46,SOLUSDT,bid,141,62878.0
2024-08-21 07:50:10,SOLUSDT,bid,141,62895.0
2024-08-21 07:50:20,SOLUSDT,bid,141,62878.0
2024-08-21 07:51:11,SOLUSDT,bid,141,62876.0
2024-08-21 07:51:25,SOLUSDT,bid,141,62896.0
2024-08-21 07:51:27,SOLUSDT,bid,141,62897.0
2024-08-21 07:51:35,SOLUSDT,bid,141,62908.0
2024-08-21 07:51:43,SOLUSDT,bid,141,62916.0
2024-08-21 07:51:44,SOLUSDT,bid,141,62908.0
2024-08-21 07:52:09,SOLUSDT,bid,141,63181.0
2024-08-21 07:52:11,SOLUSDT,bid,141,63194.0
2024-08-21 07:52:11,SOLUSDT,bid,141,62908.0
2024-08-21 07:52:27,SOLUSDT,bid,141,62888.0
2024-08-21 07:52:27,SOLUSDT,bid,141,62908.0
2024-08-21 07:52:28,SOLUSDT,bid,141,62907.0
2024-08-21 07:52:28,SOLUSDT,bid,141,62887.0
2024-08-21 07:52:29,SOLUSDT,bid,141,62900.0
2024-08-21 07:52:29,SOLUSDT,bid,141,62887.0
2024-08-21 07:52:36,SOLUSDT,bid,141,62876.0
2024-08-21 07:53:44,SOLUSDT,bid,141,62917.0
2024-08-21 07:53:53,SOLUSDT,bid,141,62917.0
2024-08-21 07:53:53,SOLUSDT,bid,141,62898.0
2024-08-21 07:54:00,SOLUSDT,bid,141,62884.0
2024-08-21 07:54:10,SOLUSDT,bid,141,62906.0
2024-08-21 07:54:11,SOLUSDT,bid,141,62897.0
2024-08-21 07:54:28,SOLUSDT,bid,141,63020.0
2024-08-21 07:54:28,SOLUSDT,bid,141,62897.0
2024-08-21 07:55:08,SOLUSDT,bid,141,62887.0
2024-08-21 07:55:11,SOLUSDT,bid,141,62888.0
2024-08-21 07:55:11,SOLUSDT,bid,141,62887.0
2024-08-21 07:55:49,SOLUSDT,bid,141,63675.0
2024-08-21 07:56:07,SOLUSDT,bid,141,64325.0
2024-08-21 07:56:30,SOLUSDT,bid,141,64332.0
2024-08-21 07:56:35,SOLUSDT,bid,141,64346.0
2024-08-21 07:56:37,SOLUSDT,bid,141,63696.0
2024-08-21 07:57:03,SOLUSDT,bid,141,63717.0
2024-08-21 07:57:12,SOLUSDT,bid,141,63710.0
2024-08-21 07:57:31,SOLUSDT,bid,141,63725.0
2024-08-21 07:57:32,SOLUSDT,bid,141,63710.0
2024-08-21 07:57:39,SOLUSDT,bid,141,63710.0
2024-08-21 07:58:07,SOLUSDT,bid,141,63460.0
2024-08-21 07:58:11,SOLUSDT,bid,141,63462.0
2024-08-21 07:58:12,SOLUSDT,bid,141,63463.0
2024-08-21 07:58:26,SOLUSDT,bid,141,63478.0
2024-08-21 07:58:37,SOLUSDT,bid,141,63479.0
2024-08-21 07:58:44,SOLUSDT,bid,141,63476.0
2024-08-21 07:58:44,SOLUSDT,bid,141,63476.0
2024-08-21 07:59:07,SOLUSDT,bid,141,63424.0
2024-08-21 07:59:12,SOLUSDT,bid,141,63539.0
2024-08-21 07:59:19,SOLUSDT,bid,141,63424.0
2024-08-21 07:59:23,SOLUSDT,bid,141,63421.0
2024-08-21 07:59:23,SOLUSDT,bid,141,63422.0
2024-08-21 07:59:37,SOLUSDT,bid,141,64581.0
2024-08-21 07:59:37,SOLUSDT,bid,141,64686.0
2024-08-21 07:59:38,SOLUSDT,bid,141,63437.0
2024-08-21 07:59:38,SOLUSDT,bid,141,64817.0
2024-08-21 07:59:39,SOLUSDT,bid,141,63437.0
2024-08-21 07:59:39,SOLUSDT,bid,141,64817.0
2024-08-21 07:59:39,SOLUSDT,bid,141,63422.0
2024-08-21 07:59:40,SOLUSDT,bid,141,64924.0
2024-08-21 07:59:40,SOLUSDT,bid,141,64924.0
2024-08-21 07:59:40,SOLUSDT,bid,141,63422.0
2024-08-21 07:59:41,SOLUSDT,bid,141,63422.0
2024-08-21 07:59:46,SOLUSDT,bid,141,63437.0
2024-08-21 07:59:46,SOLUSDT,bid,141,63422.0
2024-08-21 08:00:04,SOLUSDT,bid,141,63423.0
2024-08-21 08:00:19,SOLUSDT,bid,141,63409.0
2024-08-21 08:00:23,SOLUSDT,bid,141,63442.0
2024-08-21 08:00:23,SOLUSDT,bid,141,63409.0
2024-08-21 08:00:32,SOLUSDT,bid,141,63617.0
2024-08-21 08:00:37,SOLUSDT,bid,141,63630.0
2024-08-21 08:00:37,SOLUSDT,bid,141,63422.0
2024-08-21 08:00:38,SOLUSDT,bid,141,63409.0
2024-08-21 08:00:38,SOLUSDT,bid,141,63410.0
2024-08-21 08:00:38,SOLUSDT,bid,141,63409.0
2024-08-21 08:00:41,SOLUSDT,bid,141,63415.0
2024-08-21 08:00:42,SOLUSDT,bid,141,63409.0
2024-08-21 08:00:44,SOLUSDT,bid,141,63409.0
2024-08-21 08:00:44,SOLUSDT,bid,141,63622.0
2024-08-21 08:00:45,SOLUSDT,bid,141,63635.0
2024-08-21 08:00:45,SOLUSDT,bid,141,63622.0
2024-08-21 08:00:48,SOLUSDT,bid,141,63635.0
2024-08-21 08:00:48,SOLUSDT,bid,141,63622.0
2024-08-21 08:00:51,SOLUSDT,bid,141,63635.0
2024-08-21 08:00:52,SOLUSDT,bid,141,63622.0
2024-08-21 08:00:52,SOLUSDT,bid,141,63409.0
2024-08-21 08:00:57,SOLUSDT,bid,141,63394.0
2024-08-21 08:00:58,SOLUSDT,bid,141,63409.0
2024-08-21 08:00:59,SOLUSDT,bid,141,63394.0
2024-08-21 08:01:04,SOLUSDT,bid,141,63397.0
2024-08-21 08:01:06,SOLUSDT,bid,141,63410.0
2024-08-21 08:01:07,SOLUSDT,bid,141,63397.0
2024-08-21 08:01:20,SOLUSDT,bid,141,63398.0
2024-08-21 08:01:21,SOLUSDT,bid,141,63399.0
2024-08-21 08:01:29,SOLUSDT,bid,141,63419.0
2024-08-21 08:01:31,SOLUSDT,bid,141,63399.0
2024-08-21 08:01:33,SOLUSDT,bid,141,63396.0
2024-08-21 08:01:36,SOLUSDT,bid,141,63417.0
2024-08-21 08:01:38,SOLUSDT,bid,141,63396.0
2024-08-21 08:01:38,SOLUSDT,bid,141,63395.0
2024-08-21 08:01:40,SOLUSDT,bid,141,63409.0
2024-08-21 08:01:42,SOLUSDT,bid,141,63405.0
2024-08-21 08:01:42,SOLUSDT,bid,141,63410.0
2024-08-21 08:01:46,SOLUSDT,bid,141,63417.0
2024-08-21 08:01:46,SOLUSDT,bid,141,63410.0
2024-08-21 08:01:54,SOLUSDT,bid,141,63410.0
2024-08-21 08:01:54,SOLUSDT,bid,141,63410.0
2024-08-21 08:02:07,SOLUSDT,bid,141,63413.0
2024-08-21 08:02:10,SOLUSDT,bid,141,63395.0
2024-08-21 08:02:11,SOLUSDT,bid,141,63396.0
2024-08-21 08:02:12,SOLUSDT,bid,141,63417.0
2024-08-21 08:02:12,SOLUSDT,bid,141,63417.0
2024-08-21 08:02:12,SOLUSDT,bid,141,63400.0
2024-08-21 08:02:13,SOLUSDT,bid,141,63520.0
2024-08-21 08:02:15,SOLUSDT,bid,141,63404.0
2024-08-21 08:02:16,SOLUSDT,bid,141,63409.0
2024-08-21 08:02:17,SOLUSDT,bid,141,63404.0
2024-08-21 08:02:19,SOLUSDT,bid,141,63400.0
2024-08-21 08:02:20,SOLUSDT,bid,141,63403.0
2024-08-21 08:02:21,SOLUSDT,bid,141,63401.0
2024-08-21 08:02:49,SOLUSDT,bid,141,63558.0
2024-08-21 08:03:00,SOLUSDT,bid,141,63559.0
2024-08-21 08:03:08,SOLUSDT,bid,141,63553.0
2024-08-21 08:03:09,SOLUSDT,bid,141,63568.0
2024-08-21 08:03:13,SOLUSDT,bid,141,63411.0
2024-08-21 08:03:19,SOLUSDT,bid,141,63396.0
2024-08-21 08:03:30,SOLUSDT,bid,141,63395.0
2024-08-21 08:03:35,SOLUSDT,bid,141,63642.0
2024-08-21 08:03:35,SOLUSDT,bid,141,63395.0
2024-08-21 08:03:47,SOLUSDT,bid,141,63405.0
2024-08-21 08:04:00,SOLUSDT,bid,141,63405.0
2024-08-21 08:04:07,SOLUSDT,bid,141,63528.0
2024-08-21 08:04:07,SOLUSDT,bid,141,63405.0
