2024-08-26 07:01:53,ETHUSDT,ask,2840,3673.039
2024-08-26 07:01:54,ETHUSDT,ask,2840,3672.539
2024-08-26 07:04:01,ETHUSDT,ask,2990,3457.111
2024-08-26 07:04:02,ETHUSDT,ask,2850,4197.436
2024-08-26 07:04:40,ETHUSDT,ask,2850,4197.386
2024-08-26 07:06:00,ETHUSDT,ask,2850,4196.117
2024-08-26 07:06:23,ETHUSDT,ask,2850,4196.175
2024-08-26 07:06:56,ETHUSDT,ask,2840,3670.856
2024-08-26 07:07:56,ETHUSDT,ask,2850,4194.175
2024-08-26 07:08:09,ETHUSDT,ask,2850,4194.525
2024-08-26 07:08:43,ETHUSDT,ask,2850,4194.342
2024-08-26 07:08:46,ETHUSDT,ask,2850,4194.361
2024-08-26 07:10:04,ETHUSDT,ask,2850,4197.869
2024-08-26 07:10:55,ETHUSDT,ask,2850,4194.361
2024-08-26 07:17:04,ETHUSDT,bid,2350,4303.379
2024-08-26 07:18:10,ETHUSDT,ask,2850,4193.378
2024-08-26 07:19:13,ETHUSDT,ask,2840,3671.156
2024-08-26 07:19:31,ETHUSDT,ask,2850,4191.1
2024-08-26 07:20:29,ETHUSDT,ask,2850,4222.559
2024-08-26 07:21:59,ETHUSDT,bid,2340,4273.932
2024-08-26 07:22:08,ETHUSDT,bid,2200,4568.018
2024-08-26 07:22:08,ETHUSDT,bid,2200,4567.928
2024-08-26 07:22:43,ETHUSDT,ask,2850,4220.739
2024-08-26 07:22:44,ETHUSDT,ask,2850,4220.751
2024-08-26 07:23:34,ETHUSDT,ask,2850,4189.292
2024-08-26 07:25:48,ETHUSDT,ask,2850,4189.374
2024-08-26 07:25:52,ETHUSDT,ask,2850,4189.411
2024-08-26 07:27:25,ETHUSDT,ask,2850,4190.149
2024-08-26 07:28:36,ETHUSDT,ask,2850,4190.157
2024-08-26 07:29:08,ETHUSDT,ask,2840,3671.174
2024-08-26 07:30:08,ETHUSDT,ask,2850,4190.149
2024-08-26 07:30:52,ETHUSDT,ask,2850,4190.137
2024-08-26 07:32:57,ETHUSDT,ask,2850,4190.149
2024-08-26 07:33:07,ETHUSDT,ask,2840,3688.779
2024-08-26 07:33:49,ETHUSDT,ask,2850,4189.799
2024-08-26 07:34:01,ETHUSDT,ask,2850,4190.799
2024-08-26 07:34:22,ETHUSDT,ask,2850,4190.8
2024-08-26 07:34:26,ETHUSDT,ask,2850,4187.8
2024-08-26 07:34:46,ETHUSDT,ask,2850,4190.629
2024-08-26 07:36:24,ETHUSDT,ask,2850,4190.883
2024-08-26 07:38:43,ETHUSDT,ask,2840,3688.91
2024-08-26 07:39:54,ETHUSDT,ask,2850,4190.383
2024-08-26 07:40:15,ETHUSDT,ask,2840,3688.892
2024-08-26 07:40:39,ETHUSDT,ask,2850,4190.367
2024-08-26 07:44:23,ETHUSDT,ask,2840,3708.077
2024-08-26 07:44:23,ETHUSDT,ask,2850,4182.277
2024-08-26 07:44:28,ETHUSDT,ask,2850,4183.277
2024-08-26 07:44:53,ETHUSDT,ask,2840,3707.132
2024-08-26 07:49:21,ETHUSDT,ask,2850,4182.609
2024-08-26 07:50:01,ETHUSDT,ask,2840,3707.166
2024-08-26 07:56:37,ETHUSDT,ask,2850,4182.559
2024-08-26 07:59:09,ETHUSDT,ask,2840,3707.124
2024-08-26 07:59:09,ETHUSDT,ask,2850,4182.517
2024-08-26 08:02:18,ETHUSDT,ask,2840,3707.194
2024-08-26 08:02:36,ETHUSDT,ask,2850,4182.587
2024-08-26 08:06:44,ETHUSDT,ask,2850,4181.823
2024-08-26 08:07:08,ETHUSDT,ask,2990,3457.177
2024-08-26 08:07:28,ETHUSDT,ask,2850,4181.786
2024-08-26 08:10:15,ETHUSDT,ask,2850,4181.494
2024-08-26 08:10:37,ETHUSDT,ask,2850,4181.434
2024-08-26 08:12:03,ETHUSDT,ask,3040,3284.577
2024-08-26 08:12:04,ETHUSDT,ask,3040,3282.955
2024-08-26 08:12:06,ETHUSDT,ask,2850,4186.434
2024-08-26 08:12:52,ETHUSDT,bid,2200,4567.928
2024-08-26 08:12:54,ETHUSDT,bid,2200,4567.928
2024-08-26 08:12:55,ETHUSDT,bid,2200,4567.928
2024-08-26 08:12:56,ETHUSDT,bid,2200,4567.928
2024-08-26 08:14:30,ETHUSDT,ask,2850,4190.434
2024-08-26 08:14:54,ETHUSDT,ask,2850,4189.507
2024-08-26 08:17:17,ETHUSDT,ask,2850,4189.565
2024-08-26 08:19:15,ETHUSDT,ask,2850,4189.654
2024-08-26 08:20:04,ETHUSDT,ask,2850,4198.654
2024-08-26 08:21:22,ETHUSDT,ask,2850,4198.596
2024-08-26 08:24:05,ETHUSDT,ask,2850,4198.63
2024-08-26 08:24:16,ETHUSDT,ask,2840,3707.298
2024-08-26 08:24:32,ETHUSDT,ask,2840,3707.319
2024-08-26 08:24:32,ETHUSDT,ask,2850,4198.651
2024-08-26 08:28:56,ETHUSDT,ask,2850,4198.679
2024-08-26 08:30:45,ETHUSDT,ask,2850,4194.679
2024-08-26 08:30:50,ETHUSDT,ask,2840,3707.285
2024-08-26 08:32:53,ETHUSDT,ask,2850,4194.634
2024-08-26 08:35:08,ETHUSDT,ask,2840,3688.1
2024-08-26 08:36:08,ETHUSDT,bid,2140,4707.805
2024-08-26 08:36:08,ETHUSDT,ask,2840,3688.079
2024-08-26 08:36:08,ETHUSDT,ask,2850,4194.613
2024-08-26 08:36:08,ETHUSDT,ask,2990,3457.157
2024-08-26 08:37:13,ETHUSDT,ask,2850,4195.139
2024-08-26 08:38:54,ETHUSDT,ask,2850,4226.224
2024-08-26 08:39:39,ETHUSDT,ask,2850,4226.233
2024-08-26 08:42:20,ETHUSDT,ask,2850,4225.826
2024-08-26 08:46:52,ETHUSDT,ask,2850,4225.817
2024-08-26 08:47:18,ETHUSDT,ask,2850,4225.783
2024-08-26 08:50:09,ETHUSDT,ask,2840,3687.982
2024-08-26 08:51:22,ETHUSDT,ask,2840,3687.472
2024-08-26 08:52:04,ETHUSDT,ask,2840,3686.652
2024-08-26 08:52:04,ETHUSDT,ask,2850,4223.725
2024-08-26 08:54:11,ETHUSDT,bid,2140,4707.997
2024-08-26 08:54:11,ETHUSDT,ask,2840,3686.844
2024-08-26 08:54:11,ETHUSDT,ask,2850,4223.917
2024-08-26 08:54:11,ETHUSDT,ask,2990,3457.349
2024-08-26 09:01:31,ETHUSDT,ask,2840,3685.844
2024-08-26 09:01:49,ETHUSDT,ask,2850,4224.023
2024-08-26 09:02:33,ETHUSDT,ask,2850,4218.06
2024-08-26 09:03:26,ETHUSDT,bid,2360,4232.242
2024-08-26 09:03:36,ETHUSDT,ask,2850,4222.56
2024-08-26 09:03:47,ETHUSDT,ask,2850,4218.06
2024-08-26 09:05:23,ETHUSDT,ask,2840,3685.844
2024-08-26 09:05:23,ETHUSDT,ask,2850,4218.06
2024-08-26 09:08:41,ETHUSDT,ask,2850,4217.362
2024-08-26 09:11:29,ETHUSDT,ask,2840,3685.706
2024-08-26 09:15:45,ETHUSDT,ask,2840,3685.877
2024-08-26 09:16:02,ETHUSDT,bid,2200,4565.928
2024-08-26 09:21:25,ETHUSDT,bid,2450,4074.462
2024-08-26 09:21:26,ETHUSDT,bid,2450,4074.472
2024-08-26 09:21:26,ETHUSDT,bid,2450,4074.472
2024-08-26 09:21:34,ETHUSDT,bid,2450,4074.463
2024-08-26 09:21:36,ETHUSDT,bid,2450,4074.453
2024-08-26 09:21:36,ETHUSDT,bid,2450,4074.443
2024-08-26 09:21:37,ETHUSDT,ask,2850,4216.2
2024-08-26 09:21:44,ETHUSDT,bid,2450,4074.453
2024-08-26 09:22:07,ETHUSDT,bid,2450,4074.443
2024-08-26 09:22:55,ETHUSDT,ask,2840,3683.281
2024-08-26 09:23:02,ETHUSDT,bid,2450,4074.443
2024-08-26 09:23:02,ETHUSDT,bid,2450,4074.452
2024-08-26 09:23:03,ETHUSDT,bid,2450,4074.462
2024-08-26 09:23:03,ETHUSDT,bid,2450,4074.471
2024-08-26 09:23:03,ETHUSDT,bid,2450,4074.481
2024-08-26 09:23:03,ETHUSDT,bid,2450,4074.49
2024-08-26 09:23:03,ETHUSDT,bid,2450,4074.5
2024-08-26 09:23:04,ETHUSDT,bid,2450,4074.518
2024-08-26 09:23:04,ETHUSDT,bid,2450,4074.509
2024-08-26 09:23:11,ETHUSDT,bid,2450,4074.5
2024-08-26 09:23:12,ETHUSDT,bid,2450,4074.491
2024-08-26 09:23:12,ETHUSDT,bid,2450,4074.482
2024-08-26 09:23:12,ETHUSDT,bid,2450,4074.473
2024-08-26 09:23:38,ETHUSDT,ask,2840,3683.269
2024-08-26 09:23:47,ETHUSDT,bid,2450,4074.463
2024-08-26 09:23:48,ETHUSDT,bid,2450,4074.453
2024-08-26 09:23:48,ETHUSDT,bid,2450,4074.443
2024-08-26 09:23:50,ETHUSDT,bid,1700,6000.225
2024-08-26 09:29:43,ETHUSDT,ask,2850,4216.1
2024-08-26 09:30:53,ETHUSDT,ask,2840,3687.809
2024-08-26 09:30:58,ETHUSDT,ask,2840,3683.309
2024-08-26 09:31:42,ETHUSDT,ask,2840,3681.311
2024-08-26 09:31:44,ETHUSDT,ask,2850,4216.03
2024-08-26 09:32:06,ETHUSDT,ask,2840,3681.333
2024-08-26 09:34:00,ETHUSDT,ask,2850,4215.329
2024-08-26 09:34:27,ETHUSDT,ask,2840,3681.344
2024-08-26 09:34:27,ETHUSDT,ask,2990,3457.36
2024-08-26 09:35:24,ETHUSDT,ask,2850,4215.309
2024-08-26 09:36:19,ETHUSDT,ask,2840,3681.352
2024-08-26 09:36:19,ETHUSDT,ask,2850,4215.517
2024-08-26 09:36:37,ETHUSDT,ask,3040,3282.3
2024-08-26 09:37:08,ETHUSDT,ask,2850,4197.517
2024-08-26 09:41:41,ETHUSDT,ask,2850,4200.353
2024-08-26 09:48:38,ETHUSDT,ask,2770,3926.608
2024-08-26 09:50:10,ETHUSDT,ask,2850,4178.298
2024-08-26 09:51:26,ETHUSDT,ask,2770,3926.621
2024-08-26 09:51:26,ETHUSDT,ask,2850,4178.311
2024-08-26 09:52:28,ETHUSDT,ask,2850,4162.311
2024-08-26 09:54:13,ETHUSDT,ask,2850,4162.367
2024-08-26 09:54:13,ETHUSDT,ask,2990,3457.413
2024-08-26 09:54:34,ETHUSDT,ask,2850,4162.311
2024-08-26 09:54:34,ETHUSDT,ask,2990,3457.36
2024-08-26 09:55:11,ETHUSDT,ask,2770,3927.821
2024-08-26 09:58:39,ETHUSDT,ask,2770,3927.808
2024-08-26 09:58:39,ETHUSDT,ask,2850,4162.298
2024-08-26 09:59:41,ETHUSDT,ask,2850,4164.298
2024-08-26 10:02:00,ETHUSDT,ask,2850,4161.834
2024-08-26 10:02:39,ETHUSDT,ask,2770,3928.053
2024-08-26 10:03:02,ETHUSDT,ask,2840,3680.154
2024-08-26 10:03:57,ETHUSDT,ask,2770,3930.053
2024-08-26 10:04:32,ETHUSDT,ask,2850,4161.843
2024-08-26 10:07:01,ETHUSDT,ask,2840,3680.031
2024-08-26 10:07:34,ETHUSDT,ask,2840,3679.991
2024-08-26 10:07:41,ETHUSDT,ask,2850,4161.738
2024-08-26 10:08:03,ETHUSDT,ask,2850,4161.808
2024-08-26 10:09:53,ETHUSDT,ask,2850,4162.108
2024-08-26 10:10:05,ETHUSDT,ask,2840,3679.691
2024-08-26 10:11:49,ETHUSDT,ask,2770,3935.053
2024-08-26 10:12:48,ETHUSDT,ask,2770,3933.103
2024-08-26 10:13:34,ETHUSDT,ask,2840,3677.468
2024-08-26 10:14:22,ETHUSDT,ask,2850,4162.117
2024-08-26 10:14:22,ETHUSDT,ask,2850,4162.126
2024-08-26 10:14:56,ETHUSDT,bid,1700,5999.849
2024-08-26 10:14:56,ETHUSDT,ask,2850,4162.077
2024-08-26 10:15:47,ETHUSDT,ask,2770,3933.053
2024-08-26 10:17:22,ETHUSDT,bid,1700,6000.662
2024-08-26 10:19:17,ETHUSDT,ask,2850,4162.047
2024-08-26 10:21:10,ETHUSDT,ask,2770,3929.688
2024-08-26 10:21:19,ETHUSDT,ask,2840,3677.537
2024-08-26 10:21:38,ETHUSDT,ask,2770,3929.623
2024-08-26 10:22:27,ETHUSDT,ask,2770,3940.433
2024-08-26 10:22:47,ETHUSDT,ask,2850,4164.163
2024-08-26 10:23:15,ETHUSDT,ask,2770,3940.188
2024-08-26 10:23:48,ETHUSDT,ask,2770,3940.167
2024-08-26 10:23:48,ETHUSDT,ask,2850,4164.142
2024-08-26 10:23:57,ETHUSDT,ask,2850,4163.81
2024-08-26 10:27:03,ETHUSDT,ask,2770,3940.199
2024-08-26 10:27:03,ETHUSDT,ask,2770,3940.167
2024-08-26 10:27:03,ETHUSDT,ask,2770,3940.199
2024-08-26 10:27:03,ETHUSDT,ask,2770,3940.167
2024-08-26 10:27:03,ETHUSDT,ask,2770,3940.199
2024-08-26 10:27:03,ETHUSDT,ask,2770,3940.167
2024-08-26 10:28:06,ETHUSDT,ask,2850,4163.8
2024-08-26 10:30:49,ETHUSDT,ask,2850,4160.8
2024-08-26 10:31:38,ETHUSDT,ask,2840,3677.361
2024-08-26 10:31:38,ETHUSDT,ask,2850,4160.45
2024-08-26 10:32:19,ETHUSDT,ask,2850,4159.45
2024-08-26 10:32:29,ETHUSDT,bid,2350,4305.331
2024-08-26 10:32:34,ETHUSDT,bid,2350,4315.623
2024-08-26 10:32:42,ETHUSDT,ask,2850,4159.8
2024-08-26 10:33:27,ETHUSDT,bid,2350,4313.671
2024-08-26 10:33:57,ETHUSDT,bid,2350,4303.379
2024-08-26 10:34:13,ETHUSDT,ask,2770,3940.667
2024-08-26 10:34:23,ETHUSDT,ask,2840,3678.361
2024-08-26 10:35:26,ETHUSDT,ask,2850,4160.514
2024-08-26 10:35:57,ETHUSDT,ask,2840,3681.361
2024-08-26 10:36:59,ETHUSDT,ask,2770,3946.667
2024-08-26 10:37:20,ETHUSDT,ask,2770,3947.894
2024-08-26 10:37:20,ETHUSDT,ask,2840,3682.56
2024-08-26 10:37:20,ETHUSDT,ask,2850,4161.709
2024-08-26 10:37:45,ETHUSDT,ask,2850,4162.709
2024-08-26 10:40:36,ETHUSDT,ask,2770,3964.086
2024-08-26 10:40:37,ETHUSDT,ask,2770,3964.586
2024-08-26 10:41:35,ETHUSDT,ask,2850,4165.3
2024-08-26 10:41:35,ETHUSDT,ask,2850,4165.291
2024-08-26 10:41:51,ETHUSDT,ask,2840,3682.508
2024-08-26 10:43:43,ETHUSDT,ask,2770,3966.086
2024-08-26 10:44:54,ETHUSDT,ask,2770,3949.894
2024-08-26 10:48:40,ETHUSDT,ask,2850,4165.282
2024-08-26 10:51:52,ETHUSDT,ask,2850,4165.211
2024-08-26 10:54:57,ETHUSDT,ask,2850,4165.228
2024-08-26 10:58:45,ETHUSDT,ask,2840,3682.521
2024-08-26 10:59:04,ETHUSDT,ask,2770,3964.894
2024-08-26 10:59:36,ETHUSDT,ask,2850,4165.928
2024-08-26 10:59:51,ETHUSDT,ask,2850,4166.91
2024-08-26 11:01:23,ETHUSDT,ask,2770,3954.894
2024-08-26 11:02:17,ETHUSDT,ask,2840,3685.569
2024-08-26 11:05:07,ETHUSDT,ask,2770,3954.902
2024-08-26 11:07:52,ETHUSDT,ask,2770,3958.828
2024-08-26 11:07:59,ETHUSDT,ask,2770,3954.902
2024-08-26 11:09:07,ETHUSDT,ask,2770,3955.17
2024-08-26 11:09:13,ETHUSDT,ask,2770,3954.17
2024-08-26 11:09:37,ETHUSDT,ask,2770,3954.314
2024-08-26 11:10:40,ETHUSDT,ask,2850,4166.41
2024-08-26 11:11:13,ETHUSDT,ask,2770,3954.17
2024-08-26 11:12:53,ETHUSDT,ask,2770,3954.16
2024-08-26 11:15:38,ETHUSDT,ask,2770,3954.66
2024-08-26 11:16:05,ETHUSDT,ask,2770,3954.683
2024-08-26 11:17:59,ETHUSDT,ask,2770,3956.683
2024-08-26 11:19:09,ETHUSDT,ask,2770,3956.583
2024-08-26 11:19:28,ETHUSDT,ask,2770,3955.083
2024-08-26 11:21:39,ETHUSDT,ask,2850,4170.106
2024-08-26 11:22:33,ETHUSDT,ask,2850,4166.41
2024-08-26 11:23:16,ETHUSDT,ask,2850,4170.234
2024-08-26 11:23:56,ETHUSDT,ask,2850,4170.242
2024-08-26 11:23:59,ETHUSDT,ask,2770,3955.091
2024-08-26 11:26:46,ETHUSDT,ask,2770,3965.091
2024-08-26 11:27:49,ETHUSDT,ask,2770,3983.107
2024-08-26 11:28:39,ETHUSDT,ask,2850,4171.137
2024-08-26 11:29:40,ETHUSDT,ask,2770,3972.848
2024-08-26 11:31:36,ETHUSDT,ask,2770,3975.911
2024-08-26 11:31:40,ETHUSDT,ask,2850,4171.15
2024-08-26 11:32:00,ETHUSDT,ask,2770,3973.911
2024-08-26 11:32:07,ETHUSDT,ask,2770,3973.912
2024-08-26 11:34:01,ETHUSDT,ask,2770,3973.889
2024-08-26 11:34:44,ETHUSDT,ask,2770,3985.902
2024-08-26 11:35:03,ETHUSDT,ask,2770,3988.126
2024-08-26 11:35:20,ETHUSDT,ask,2770,3988.226
2024-08-26 11:36:00,ETHUSDT,ask,2770,3986.002
2024-08-26 11:36:10,ETHUSDT,ask,2770,3986.012
2024-08-26 11:38:11,ETHUSDT,ask,2850,4169.15
2024-08-26 11:39:25,ETHUSDT,bid,2350,4303.312
2024-08-26 11:41:55,ETHUSDT,ask,2990,3460.214
2024-08-26 11:42:22,ETHUSDT,ask,2770,3985.999
2024-08-26 11:43:54,ETHUSDT,ask,2770,3995.999
2024-08-26 11:47:27,ETHUSDT,ask,2770,3988.242
2024-08-26 11:49:06,ETHUSDT,ask,2770,3988.472
2024-08-26 11:49:27,ETHUSDT,ask,2850,4169.13
2024-08-26 11:49:59,ETHUSDT,ask,2770,3978.472
2024-08-26 11:52:28,ETHUSDT,bid,2360,4232.263
2024-08-26 11:55:48,ETHUSDT,ask,2840,3685.624
2024-08-26 11:59:01,ETHUSDT,ask,2850,4165.797
2024-08-26 12:00:10,ETHUSDT,ask,2770,3996.49
2024-08-26 12:00:16,ETHUSDT,ask,2770,3978.472
2024-08-26 12:00:23,ETHUSDT,ask,2850,4166.297
2024-08-26 12:05:25,ETHUSDT,ask,2850,4174.297
2024-08-26 12:06:40,ETHUSDT,ask,2770,3978.277
2024-08-26 12:07:08,ETHUSDT,ask,2770,3978.469
2024-08-26 12:09:13,ETHUSDT,ask,2850,4280.394
2024-08-26 12:09:52,ETHUSDT,ask,2840,3676.821
2024-08-26 12:11:31,ETHUSDT,ask,2850,4281.095
2024-08-26 12:13:29,ETHUSDT,ask,2850,4281.104
2024-08-26 12:14:45,ETHUSDT,ask,2850,4281.046
2024-08-26 12:15:26,ETHUSDT,ask,2770,3978.499
2024-08-26 12:17:01,ETHUSDT,ask,2770,3978.606
2024-08-26 12:17:06,ETHUSDT,ask,2770,3978.598
2024-08-26 12:19:22,ETHUSDT,ask,2850,4281.034
2024-08-26 12:19:58,ETHUSDT,ask,2770,3978.632
2024-08-26 12:21:58,ETHUSDT,ask,2770,3978.402
2024-08-26 12:24:28,ETHUSDT,ask,2770,3994.594
2024-08-26 12:27:01,ETHUSDT,ask,2770,3994.844
2024-08-26 12:27:17,ETHUSDT,ask,2770,3978.652
2024-08-26 12:27:54,ETHUSDT,ask,2770,3978.452
2024-08-26 12:29:32,ETHUSDT,ask,2850,4281.067
2024-08-26 12:30:08,ETHUSDT,ask,2770,3978.812
2024-08-26 12:30:08,ETHUSDT,ask,2770,3979.172
2024-08-26 12:30:53,ETHUSDT,ask,2840,3676.469
2024-08-26 12:33:08,ETHUSDT,ask,2770,3978.812
2024-08-26 12:33:31,ETHUSDT,ask,2770,3978.803
2024-08-26 12:35:09,ETHUSDT,ask,2770,3978.443
2024-08-26 12:36:01,ETHUSDT,ask,2850,4279.067
2024-08-26 12:36:53,ETHUSDT,ask,2770,3988.443
2024-08-26 12:37:40,ETHUSDT,ask,2850,4286.352
2024-08-26 12:39:45,ETHUSDT,ask,2770,4003.034
2024-08-26 12:44:00,ETHUSDT,ask,2770,4002.261
2024-08-26 12:45:12,ETHUSDT,ask,2850,4286.452
2024-08-26 12:45:21,ETHUSDT,ask,2850,4286.427
2024-08-26 12:46:53,ETHUSDT,ask,2770,4002.289
2024-08-26 12:51:13,ETHUSDT,ask,2840,3676.461
2024-08-26 12:51:13,ETHUSDT,ask,2850,4286.419
2024-08-26 12:51:32,ETHUSDT,ask,2770,4002.292
2024-08-26 12:52:05,ETHUSDT,ask,2770,4020.287
2024-08-26 12:55:18,ETHUSDT,ask,2850,4286.028
2024-08-26 12:56:19,ETHUSDT,ask,2770,4002.292
2024-08-26 12:59:44,ETHUSDT,ask,2850,4287.19
2024-08-26 13:02:27,ETHUSDT,ask,2770,4002.656
2024-08-26 13:03:30,ETHUSDT,ask,2850,4287.015
2024-08-26 13:04:47,ETHUSDT,ask,2770,4002.292
2024-08-26 13:05:53,ETHUSDT,ask,2770,4002.185
2024-08-26 13:06:12,ETHUSDT,ask,2850,4286.523
2024-08-26 13:08:04,ETHUSDT,ask,2770,3992.185
2024-08-26 13:08:09,ETHUSDT,ask,2770,3992.159
2024-08-26 13:08:29,ETHUSDT,bid,1700,6000.684
2024-08-26 13:08:29,ETHUSDT,ask,2850,4286.545
2024-08-26 13:10:13,ETHUSDT,ask,2770,3977.568
2024-08-26 13:10:23,ETHUSDT,ask,2850,4286.553
2024-08-26 13:10:30,ETHUSDT,ask,2770,3978.068
2024-08-26 13:10:31,ETHUSDT,ask,2850,4282.553
2024-08-26 13:13:06,ETHUSDT,ask,2850,4282.573
2024-08-26 13:13:10,ETHUSDT,ask,2850,4282.369
2024-08-26 13:13:12,ETHUSDT,ask,2840,3676.481
2024-08-26 13:13:28,ETHUSDT,ask,2770,3992.659
2024-08-26 13:14:41,ETHUSDT,ask,2770,3992.679
2024-08-26 13:17:03,ETHUSDT,ask,2770,3992.627
2024-08-26 13:17:03,ETHUSDT,ask,2840,3676.43
2024-08-26 13:17:03,ETHUSDT,ask,2850,4282.318
2024-08-26 13:19:22,ETHUSDT,ask,2770,3992.651
2024-08-26 13:19:36,ETHUSDT,bid,1700,6000.662
2024-08-26 13:19:36,ETHUSDT,ask,2850,4282.296
2024-08-26 13:19:56,ETHUSDT,ask,2770,3993.565
2024-08-26 13:20:58,ETHUSDT,ask,2770,4013.565
2024-08-26 13:26:13,ETHUSDT,ask,2770,4008.565
2024-08-26 13:26:20,ETHUSDT,ask,2850,4282.217
2024-08-26 13:27:55,ETHUSDT,ask,2770,4010.365
2024-08-26 13:29:17,ETHUSDT,ask,2850,4281.322
2024-08-26 13:29:53,ETHUSDT,ask,2840,3675.93
2024-08-26 13:32:16,ETHUSDT,ask,2770,4008.565
2024-08-26 13:32:20,ETHUSDT,ask,2770,4008.557
2024-08-26 13:32:20,ETHUSDT,ask,2840,3675.922
2024-08-26 13:32:20,ETHUSDT,ask,2850,4281.314
2024-08-26 13:33:08,ETHUSDT,ask,2770,4008.653
2024-08-26 13:33:08,ETHUSDT,ask,2850,4281.41
2024-08-26 13:38:14,ETHUSDT,ask,2770,4009.375
2024-08-26 13:38:14,ETHUSDT,ask,2770,4008.653
2024-08-26 13:39:41,ETHUSDT,ask,2770,4009.375
2024-08-26 13:39:41,ETHUSDT,ask,2770,4009.375
2024-08-26 13:39:41,ETHUSDT,ask,2770,4009.375
2024-08-26 13:39:41,ETHUSDT,ask,2770,4008.653
2024-08-26 13:39:41,ETHUSDT,ask,2770,4009.375
2024-08-26 13:39:41,ETHUSDT,ask,2770,4008.653
2024-08-26 13:41:09,ETHUSDT,ask,2850,4285.91
2024-08-26 13:41:14,ETHUSDT,ask,2850,4281.41
2024-08-26 13:45:24,ETHUSDT,ask,2770,4008.985
2024-08-26 13:52:14,ETHUSDT,ask,2850,4281.367
2024-08-26 13:52:39,ETHUSDT,ask,2770,4007.545
2024-08-26 13:53:20,ETHUSDT,ask,2850,4281.285
2024-08-26 13:53:42,ETHUSDT,ask,2850,4281.367
2024-08-26 13:54:15,ETHUSDT,ask,2990,3460.362
2024-08-26 13:57:45,ETHUSDT,ask,2850,4281.334
2024-08-26 13:58:48,ETHUSDT,ask,2850,4280.834
2024-08-26 13:59:29,ETHUSDT,ask,2850,4280.849
2024-08-26 14:02:38,ETHUSDT,ask,2770,4007.537
2024-08-26 14:02:54,ETHUSDT,ask,2770,4007.545
2024-08-26 14:03:48,ETHUSDT,ask,2770,4023.737
2024-08-26 14:05:22,ETHUSDT,bid,2350,4304.068
2024-08-26 14:06:00,ETHUSDT,ask,2770,4007.545
2024-08-26 14:09:05,ETHUSDT,ask,2840,3676.159
2024-08-26 14:09:20,ETHUSDT,ask,2770,4018.24
2024-08-26 14:10:34,ETHUSDT,ask,2770,4019.679
2024-08-26 14:11:25,ETHUSDT,ask,2770,4020.401
2024-08-26 14:11:35,ETHUSDT,ask,2840,3675.519
2024-08-26 14:11:41,ETHUSDT,ask,2770,4019.65
2024-08-26 14:11:41,ETHUSDT,ask,2850,4280.82
2024-08-26 14:14:08,ETHUSDT,ask,2850,4278.922
2024-08-26 14:14:31,ETHUSDT,ask,2850,4278.921
2024-08-26 14:18:45,ETHUSDT,ask,2770,3988.947
2024-08-26 14:21:49,ETHUSDT,ask,2850,4278.228
2024-08-26 14:25:22,ETHUSDT,ask,2840,3675.225
2024-08-26 14:26:32,ETHUSDT,ask,2850,4289.909
2024-08-26 14:26:33,ETHUSDT,ask,2850,4301.59
2024-08-26 14:27:31,ETHUSDT,ask,2770,3988.935
2024-08-26 14:33:17,ETHUSDT,ask,2840,3659.946
2024-08-26 14:34:19,ETHUSDT,ask,2850,4301.538
2024-08-26 14:38:02,ETHUSDT,ask,2850,4298.938
2024-08-26 14:40:11,ETHUSDT,ask,2850,4298.903
2024-08-26 14:41:32,ETHUSDT,ask,2850,4297.903
2024-08-26 14:44:24,ETHUSDT,ask,2850,4296.988
2024-08-26 14:47:16,ETHUSDT,ask,2850,4296.652
2024-08-26 14:50:01,ETHUSDT,ask,2850,4284.971
2024-08-26 14:50:06,ETHUSDT,ask,2850,4273.29
2024-08-26 14:51:23,ETHUSDT,ask,2840,3660.297
2024-08-26 14:52:04,ETHUSDT,ask,2850,4272.589
2024-08-26 14:52:36,ETHUSDT,ask,2850,4272.576
2024-08-26 14:57:19,ETHUSDT,bid,2140,4707.805
2024-08-26 14:57:19,ETHUSDT,ask,2840,3660.105
2024-08-26 14:57:19,ETHUSDT,ask,2850,4272.384
2024-08-26 14:57:19,ETHUSDT,ask,2990,3460.17
2024-08-26 14:58:40,ETHUSDT,ask,2840,3660.134
2024-08-26 14:58:40,ETHUSDT,ask,2850,4272.413
2024-08-26 15:00:53,ETHUSDT,ask,2770,3988.904
2024-08-26 15:01:59,ETHUSDT,ask,2770,3988.935
2024-08-26 15:03:05,ETHUSDT,ask,2850,4272.396
2024-08-26 15:03:10,ETHUSDT,ask,2840,3664.634
2024-08-26 15:03:15,ETHUSDT,ask,2840,3660.134
2024-08-26 15:12:33,ETHUSDT,ask,2850,4276.358
2024-08-26 15:15:46,ETHUSDT,ask,2850,4276.384
2024-08-26 15:19:24,ETHUSDT,ask,2850,4278.384
2024-08-26 15:19:47,ETHUSDT,ask,2850,4278.332
2024-08-26 15:20:39,ETHUSDT,ask,2770,3988.927
2024-08-26 15:21:29,ETHUSDT,ask,2770,3982.927
2024-08-26 15:23:13,ETHUSDT,ask,2850,4278.347
2024-08-26 15:23:16,ETHUSDT,ask,2850,4278.362
2024-08-26 15:24:05,ETHUSDT,ask,2770,3982.914
2024-08-26 15:25:36,ETHUSDT,ask,2840,3660.157
2024-08-26 15:25:36,ETHUSDT,ask,2990,3460.192
2024-08-26 15:25:46,ETHUSDT,ask,2850,4276.362
2024-08-26 15:27:50,ETHUSDT,ask,2840,3660.134
2024-08-26 15:27:50,ETHUSDT,ask,2990,3460.17
2024-08-26 15:28:12,ETHUSDT,ask,2770,3982.901
2024-08-26 15:29:53,ETHUSDT,ask,2770,3982.569
2024-08-26 15:33:49,ETHUSDT,ask,2770,3981.13
2024-08-26 15:37:43,ETHUSDT,ask,2840,3664.634
2024-08-26 15:37:49,ETHUSDT,ask,2840,3660.134
2024-08-26 15:41:18,ETHUSDT,ask,2770,3988.329
2024-08-26 15:45:48,ETHUSDT,ask,2770,3988.329
2024-08-26 15:46:27,ETHUSDT,ask,2850,4274.732
2024-08-26 15:46:34,ETHUSDT,ask,2770,3981.49
2024-08-26 15:47:28,ETHUSDT,ask,2850,4271.903
2024-08-26 15:47:40,ETHUSDT,ask,2770,3976.49
2024-08-26 15:50:58,ETHUSDT,ask,2850,4272.775
2024-08-26 15:51:30,ETHUSDT,ask,2770,3976.13
2024-08-26 15:51:36,ETHUSDT,bid,2340,4273.953
2024-08-26 15:52:09,ETHUSDT,ask,2850,4274.775
2024-08-26 15:53:26,ETHUSDT,ask,2850,4274.922
2024-08-26 15:53:28,ETHUSDT,bid,2140,4707.816
2024-08-26 15:53:28,ETHUSDT,ask,2840,3660.145
2024-08-26 15:53:28,ETHUSDT,ask,2850,4274.933
2024-08-26 15:53:28,ETHUSDT,ask,2990,3460.181
2024-08-26 15:53:34,ETHUSDT,ask,2850,4272.933
2024-08-26 15:54:46,ETHUSDT,ask,2850,4272.898
2024-08-26 15:55:11,ETHUSDT,ask,2850,4272.848
2024-08-26 15:57:58,ETHUSDT,bid,1700,6000.73
2024-08-26 15:58:50,ETHUSDT,ask,2850,4272.594
2024-08-26 15:59:20,ETHUSDT,bid,2340,4273.932
2024-08-26 16:00:01,ETHUSDT,ask,2770,3976.143
2024-08-26 16:02:29,ETHUSDT,ask,2850,4272.694
2024-08-26 16:02:58,ETHUSDT,ask,3040,3283.447
2024-08-26 16:03:27,ETHUSDT,ask,3040,3282.3
2024-08-26 16:03:50,ETHUSDT,ask,2840,3659.145
2024-08-26 16:03:50,ETHUSDT,ask,2850,4271.694
2024-08-26 16:06:10,ETHUSDT,ask,2850,4271.728
2024-08-26 16:06:57,ETHUSDT,ask,2770,3977.025
2024-08-26 16:07:04,ETHUSDT,ask,2770,3977.012
2024-08-26 16:07:05,ETHUSDT,ask,2770,3976.13
2024-08-26 16:08:03,ETHUSDT,ask,2850,4271.694
2024-08-26 16:08:08,ETHUSDT,ask,2770,3976.85
2024-08-26 16:08:22,ETHUSDT,ask,2850,4271.764
2024-08-26 16:09:00,ETHUSDT,ask,2850,4273.027
2024-08-26 16:11:11,ETHUSDT,ask,2850,4273.338
2024-08-26 16:16:59,ETHUSDT,ask,2770,3972.35
2024-08-26 16:23:28,ETHUSDT,ask,2850,4166.971
2024-08-26 16:25:57,ETHUSDT,ask,2770,3972.37
2024-08-26 16:31:02,ETHUSDT,ask,2770,3972.37
2024-08-26 16:32:23,ETHUSDT,ask,2840,3659.348
2024-08-26 16:32:30,ETHUSDT,ask,2850,4152.375
2024-08-26 16:32:31,ETHUSDT,ask,2840,3659.891
2024-08-26 16:33:41,ETHUSDT,ask,2990,3458.48
2024-08-26 16:33:41,ETHUSDT,ask,2840,3659.554
2024-08-26 16:34:22,ETHUSDT,ask,2770,3979.089
2024-08-26 16:34:32,ETHUSDT,ask,2850,4152.367
2024-08-26 16:35:29,ETHUSDT,ask,2770,3979.069
2024-08-26 16:36:35,ETHUSDT,ask,2770,3977.069
2024-08-26 16:37:36,ETHUSDT,ask,2850,4152.267
2024-08-26 16:37:50,ETHUSDT,ask,2850,4152.467
2024-08-26 16:37:50,ETHUSDT,ask,2840,3659.454
2024-08-26 16:39:11,ETHUSDT,ask,2770,3954.486
2024-08-26 16:39:16,ETHUSDT,ask,2850,4152.299
2024-08-26 16:42:15,ETHUSDT,ask,2850,4154.299
2024-08-26 16:43:39,ETHUSDT,ask,2850,4149.299
2024-08-26 16:46:34,ETHUSDT,ask,2770,3952.185
2024-08-26 16:47:15,ETHUSDT,bid,1700,6000.674
2024-08-26 16:49:28,ETHUSDT,ask,2850,4147.335
2024-08-26 16:50:13,ETHUSDT,ask,2850,4151.335
2024-08-26 16:50:30,ETHUSDT,ask,2770,3952.216
2024-08-26 16:50:38,ETHUSDT,ask,2840,3661.212
2024-08-26 16:51:17,ETHUSDT,ask,2840,3661.712
2024-08-26 16:53:15,ETHUSDT,ask,2850,4150.835
2024-08-26 16:53:29,ETHUSDT,ask,2770,3940.203
2024-08-26 16:54:11,ETHUSDT,ask,2840,3659.954
2024-08-26 16:55:29,ETHUSDT,ask,2850,4150.735
2024-08-26 16:55:29,ETHUSDT,ask,2990,3460.67
2024-08-26 16:55:43,ETHUSDT,ask,2770,3940.238
2024-08-26 16:55:43,ETHUSDT,ask,2840,3659.989
2024-08-26 16:55:43,ETHUSDT,ask,2850,4150.77
2024-08-26 16:57:04,ETHUSDT,ask,2850,4151.063
2024-08-26 16:57:13,ETHUSDT,ask,2770,3938.238
2024-08-26 16:57:19,ETHUSDT,ask,2850,4155.063
2024-08-26 17:00:11,ETHUSDT,bid,1940,5152.349
2024-08-26 17:01:07,ETHUSDT,ask,2770,3957.155
2024-08-26 17:01:19,ETHUSDT,ask,2770,3956.963
2024-08-26 17:01:43,ETHUSDT,ask,2770,3941.963
2024-08-26 17:02:45,ETHUSDT,ask,2770,3941.928
2024-08-26 17:02:45,ETHUSDT,ask,2840,3659.954
2024-08-26 17:02:45,ETHUSDT,ask,2850,4155.028
2024-08-26 17:03:18,ETHUSDT,ask,2770,3942.648
2024-08-26 17:03:24,ETHUSDT,ask,2840,3660.204
2024-08-26 17:06:20,ETHUSDT,ask,2850,4155.0
2024-08-26 17:07:49,ETHUSDT,ask,2770,3947.267
2024-08-26 17:08:49,ETHUSDT,ask,2770,3949.016
2024-08-26 17:08:49,ETHUSDT,ask,2840,3660.225
2024-08-26 17:08:49,ETHUSDT,ask,2850,4155.021
2024-08-26 17:09:04,ETHUSDT,ask,2850,4159.521
2024-08-26 17:09:09,ETHUSDT,ask,2850,4155.021
2024-08-26 17:10:54,ETHUSDT,ask,2770,3975.487
2024-08-26 17:10:54,ETHUSDT,ask,2850,4154.771
2024-08-26 17:11:10,ETHUSDT,ask,2850,4149.771
2024-08-26 17:11:47,ETHUSDT,ask,2770,3975.501
2024-08-26 17:11:47,ETHUSDT,ask,2850,4149.784
2024-08-26 17:12:14,ETHUSDT,ask,2850,4150.134
2024-08-26 17:13:10,ETHUSDT,ask,2770,3981.501
2024-08-26 17:14:56,ETHUSDT,ask,2850,4145.365
2024-08-26 17:17:56,ETHUSDT,ask,2840,3660.21
2024-08-26 17:17:56,ETHUSDT,ask,2990,3460.656
2024-08-26 17:20:24,ETHUSDT,ask,2840,3659.671
2024-08-26 17:21:19,ETHUSDT,ask,2850,4231.997
2024-08-26 17:22:26,ETHUSDT,ask,2850,4232.042
2024-08-26 17:24:39,ETHUSDT,ask,2850,4145.467
2024-08-26 17:24:50,ETHUSDT,ask,2840,3660.171
2024-08-26 17:27:44,ETHUSDT,ask,2850,4147.03
2024-08-26 17:32:07,ETHUSDT,ask,2850,4146.985
2024-08-26 17:32:07,ETHUSDT,ask,2850,4146.998
2024-08-26 17:35:06,ETHUSDT,ask,2850,4145.435
2024-08-26 17:39:55,ETHUSDT,ask,2850,4145.635
2024-08-26 17:40:34,ETHUSDT,ask,2850,4145.435
2024-08-26 17:41:34,ETHUSDT,ask,2850,4145.235
2024-08-26 17:41:36,ETHUSDT,ask,2850,4145.135
2024-08-26 17:43:38,ETHUSDT,ask,2850,4145.486
2024-08-26 17:44:18,ETHUSDT,ask,2850,4145.135
2024-08-26 17:46:11,ETHUSDT,ask,2850,4144.434
2024-08-26 17:47:48,ETHUSDT,ask,2850,4145.363
2024-08-26 17:47:58,ETHUSDT,ask,3090,3339.156
2024-08-26 17:47:59,ETHUSDT,ask,2850,4145.349
2024-08-26 17:49:15,ETHUSDT,ask,2850,4145.392
2024-08-26 17:58:00,ETHUSDT,ask,2850,4142.392
2024-08-26 17:59:32,ETHUSDT,ask,2850,4142.437
2024-08-26 18:00:28,ETHUSDT,ask,2850,4142.392
2024-08-26 18:10:48,ETHUSDT,ask,2850,4142.492
2024-08-26 18:11:07,ETHUSDT,ask,2850,4142.51
2024-08-26 18:12:47,ETHUSDT,ask,2850,4142.492
2024-08-26 18:14:11,ETHUSDT,ask,2850,4142.422
2024-08-26 18:15:28,ETHUSDT,ask,2850,4144.422
2024-08-26 18:19:03,ETHUSDT,ask,2850,4144.063
2024-08-26 18:21:57,ETHUSDT,ask,2850,4140.904
2024-08-26 18:25:08,ETHUSDT,ask,2840,3659.819
2024-08-26 18:28:00,ETHUSDT,ask,2840,3659.319
2024-08-26 18:28:07,ETHUSDT,bid,2360,4232.281
2024-08-26 18:30:15,ETHUSDT,ask,2850,4140.813
2024-08-26 18:32:46,ETHUSDT,ask,2850,4143.444
2024-08-26 18:44:18,ETHUSDT,ask,2850,4144.145
2024-08-26 18:44:24,ETHUSDT,bid,1700,6000.537
2024-08-26 18:45:11,ETHUSDT,ask,2990,3461.324
2024-08-26 18:52:18,ETHUSDT,ask,2840,3674.303
2024-08-26 19:01:46,ETHUSDT,ask,2850,4143.945
2024-08-26 19:01:57,ETHUSDT,ask,2840,3673.803
2024-08-26 19:05:43,ETHUSDT,ask,2850,4143.948
2024-08-26 19:13:07,ETHUSDT,bid,1700,6000.549
2024-08-26 19:13:07,ETHUSDT,ask,2850,4143.96
2024-08-26 19:14:13,ETHUSDT,ask,2850,4144.488
2024-08-26 19:16:43,ETHUSDT,ask,2850,4148.908
2024-08-26 19:18:36,ETHUSDT,ask,2850,4148.896
2024-08-26 19:19:23,ETHUSDT,ask,2850,4148.755
2024-08-26 19:22:00,ETHUSDT,ask,2850,4148.227
2024-08-26 19:27:57,ETHUSDT,bid,2340,4273.911
2024-08-26 19:34:57,ETHUSDT,ask,2850,4148.171
2024-08-26 19:36:09,ETHUSDT,bid,2450,4074.443
2024-08-26 19:36:26,ETHUSDT,bid,2450,4074.443
2024-08-26 19:36:34,ETHUSDT,ask,2850,4148.128
2024-08-26 19:36:57,ETHUSDT,ask,2840,3673.632
2024-08-26 19:37:06,ETHUSDT,ask,2850,4144.128
2024-08-26 19:38:20,ETHUSDT,ask,2850,4143.835
2024-08-26 19:39:41,ETHUSDT,ask,2850,4142.248
2024-08-26 19:39:43,ETHUSDT,bid,2350,4303.644
2024-08-26 19:40:37,ETHUSDT,ask,2840,3673.644
2024-08-26 19:42:31,ETHUSDT,ask,2840,3673.394
2024-08-26 19:44:37,ETHUSDT,ask,2850,4138.227
2024-08-26 19:47:06,ETHUSDT,ask,2840,3673.394
2024-08-26 19:47:06,ETHUSDT,ask,2850,4138.248
2024-08-26 19:50:23,ETHUSDT,ask,2840,3673.41
2024-08-26 19:50:23,ETHUSDT,ask,2850,4138.264
2024-08-26 19:50:23,ETHUSDT,ask,2990,3461.34
2024-08-26 19:50:44,ETHUSDT,ask,2850,4135.428
2024-08-26 19:51:44,ETHUSDT,ask,2850,4134.628
2024-08-26 19:51:59,ETHUSDT,ask,2850,4134.328
2024-08-26 19:53:01,ETHUSDT,ask,2840,3670.362
2024-08-26 20:04:58,ETHUSDT,ask,2850,4134.424
2024-08-26 20:08:33,ETHUSDT,ask,2840,3670.371
2024-08-26 20:11:29,ETHUSDT,ask,2850,4134.416
2024-08-26 20:14:40,ETHUSDT,ask,2840,3670.386
2024-08-26 20:14:40,ETHUSDT,ask,2850,4134.431
2024-08-26 20:15:12,ETHUSDT,ask,2850,4134.446
2024-08-26 20:16:31,ETHUSDT,ask,2850,4134.437
2024-08-26 20:17:34,ETHUSDT,ask,2850,4134.237
2024-08-26 20:18:16,ETHUSDT,ask,2850,4135.991
2024-08-26 20:21:44,ETHUSDT,ask,2840,3670.377
2024-08-26 20:22:01,ETHUSDT,ask,2840,3670.322
2024-08-26 20:22:23,ETHUSDT,ask,2840,3670.362
2024-08-26 20:24:01,ETHUSDT,ask,2840,3670.387
2024-08-26 20:24:02,ETHUSDT,ask,2850,4135.104
2024-08-26 20:30:26,ETHUSDT,ask,2850,4115.104
2024-08-26 20:30:29,ETHUSDT,ask,2850,4119.198
2024-08-26 20:31:16,ETHUSDT,ask,2840,3670.362
2024-08-26 20:31:16,ETHUSDT,ask,2840,3671.084
2024-08-26 20:31:16,ETHUSDT,ask,2840,3670.362
2024-08-26 20:31:16,ETHUSDT,ask,2840,3671.084
2024-08-26 20:31:16,ETHUSDT,ask,2840,3670.362
2024-08-26 20:32:50,ETHUSDT,ask,2850,4119.198
2024-08-26 20:33:59,ETHUSDT,bid,1960,5141.118
2024-08-26 20:34:06,ETHUSDT,ask,2840,3670.362
2024-08-26 20:34:37,ETHUSDT,ask,2850,4119.214
2024-08-26 20:36:10,ETHUSDT,ask,2850,4119.198
2024-08-26 20:36:18,ETHUSDT,bid,2450,4074.452
2024-08-26 20:36:27,ETHUSDT,bid,2450,4074.443
2024-08-26 20:36:35,ETHUSDT,bid,2450,4074.443
2024-08-26 20:36:36,ETHUSDT,ask,2850,4119.214
2024-08-26 20:36:48,ETHUSDT,bid,2450,4074.452
2024-08-26 20:36:49,ETHUSDT,bid,2450,4074.443
2024-08-26 20:37:17,ETHUSDT,ask,2850,4119.198
2024-08-26 20:37:55,ETHUSDT,ask,2850,4119.214
2024-08-26 20:38:19,ETHUSDT,ask,2850,4119.198
2024-08-26 20:38:20,ETHUSDT,bid,1960,5141.177
2024-08-26 20:38:44,ETHUSDT,bid,2450,4074.453
2024-08-26 20:38:44,ETHUSDT,bid,2450,4074.453
2024-08-26 20:39:13,ETHUSDT,bid,2450,4074.463
2024-08-26 20:39:34,ETHUSDT,bid,2450,4074.453
2024-08-26 20:39:55,ETHUSDT,bid,1700,6000.461
2024-08-26 20:40:02,ETHUSDT,ask,2850,4119.214
2024-08-26 20:40:06,ETHUSDT,bid,2450,4074.443
2024-08-26 20:42:03,ETHUSDT,ask,2850,4123.424
2024-08-26 20:42:08,ETHUSDT,ask,2840,3670.733
2024-08-26 20:44:48,ETHUSDT,ask,2850,4123.408
2024-08-26 20:46:25,ETHUSDT,ask,2850,4123.359
2024-08-26 20:48:15,ETHUSDT,ask,2850,4123.359
2024-08-26 20:48:55,ETHUSDT,ask,2840,3670.963
2024-08-26 20:48:55,ETHUSDT,ask,2850,4123.589
2024-08-26 20:49:36,ETHUSDT,ask,2850,4123.573
2024-08-26 20:52:08,ETHUSDT,ask,2840,3670.463
2024-08-26 20:52:18,ETHUSDT,ask,2850,4123.589
2024-08-26 20:53:34,ETHUSDT,ask,2850,4123.573
2024-08-26 20:54:12,ETHUSDT,ask,2990,3461.322
2024-08-26 20:54:31,ETHUSDT,ask,2850,4123.564
2024-08-26 20:54:37,ETHUSDT,ask,2990,3461.332
2024-08-26 20:55:23,ETHUSDT,ask,2990,3461.322
2024-08-26 20:59:22,ETHUSDT,ask,2990,3461.122
2024-08-26 20:59:29,ETHUSDT,bid,1700,6000.622
2024-08-26 21:01:08,ETHUSDT,ask,2850,4127.799
2024-08-26 21:03:47,ETHUSDT,ask,2850,4127.783
2024-08-26 21:05:06,ETHUSDT,ask,2850,4127.799
2024-08-26 21:05:18,ETHUSDT,bid,2450,4074.453
2024-08-26 21:05:21,ETHUSDT,bid,2450,4074.463
2024-08-26 21:05:30,ETHUSDT,ask,2840,3670.428
2024-08-26 21:05:40,ETHUSDT,ask,2840,3671.132
2024-08-26 21:05:51,ETHUSDT,ask,2850,4128.5
2024-08-26 21:05:53,ETHUSDT,bid,2450,4074.453
2024-08-26 21:05:56,ETHUSDT,bid,2450,4074.443
2024-08-26 21:06:17,ETHUSDT,ask,2850,4128.484
2024-08-26 21:06:38,ETHUSDT,bid,1960,5141.111
2024-08-26 21:09:24,ETHUSDT,ask,2850,4128.476
2024-08-26 21:10:09,ETHUSDT,ask,2990,3460.968
2024-08-26 21:10:27,ETHUSDT,ask,2990,3460.958
2024-08-26 21:14:43,ETHUSDT,bid,1960,5141.17
2024-08-26 21:17:01,ETHUSDT,ask,2840,3658.452
2024-08-26 21:17:30,ETHUSDT,bid,2350,4305.644
2024-08-26 21:19:34,ETHUSDT,bid,2140,4707.84
2024-08-26 21:19:34,ETHUSDT,bid,2290,4364.091
2024-08-26 21:20:48,ETHUSDT,ask,2850,4127.436
2024-08-26 21:22:25,ETHUSDT,ask,2850,4127.42
2024-08-26 21:23:09,ETHUSDT,bid,1700,6000.783
2024-08-26 21:23:21,ETHUSDT,ask,2850,4127.475
2024-08-26 21:25:16,ETHUSDT,bid,2140,4707.816
2024-08-26 21:25:16,ETHUSDT,bid,2290,4364.068
2024-08-26 21:26:20,ETHUSDT,ask,2990,3458.778
2024-08-26 21:26:38,ETHUSDT,ask,2990,3458.768
2024-08-26 21:27:17,ETHUSDT,ask,2990,3458.778
2024-08-26 21:27:49,ETHUSDT,ask,2990,3458.768
2024-08-26 21:28:14,ETHUSDT,ask,2840,3657.675
2024-08-26 21:28:14,ETHUSDT,ask,2990,3458.695
2024-08-26 21:29:47,ETHUSDT,ask,2850,4126.949
2024-08-26 21:31:22,ETHUSDT,ask,2840,3658.397
2024-08-26 21:31:57,ETHUSDT,ask,2850,4126.957
2024-08-26 21:32:48,ETHUSDT,ask,2840,3657.665
2024-08-26 21:32:48,ETHUSDT,ask,2850,4126.947
2024-08-26 21:34:45,ETHUSDT,ask,2840,3658.017
2024-08-26 21:36:42,ETHUSDT,ask,2850,4127.938
2024-08-26 21:37:09,ETHUSDT,ask,2850,4128.639
2024-08-26 21:40:15,ETHUSDT,ask,2840,3657.996
2024-08-26 21:40:15,ETHUSDT,ask,2850,4128.61
2024-08-26 21:40:27,ETHUSDT,ask,2850,4128.644
2024-08-26 21:44:27,ETHUSDT,ask,2850,4126.943
2024-08-26 21:45:01,ETHUSDT,ask,2850,4127.127
2024-08-26 21:47:45,ETHUSDT,ask,2840,3657.3
2024-08-26 21:49:07,ETHUSDT,ask,2840,3657.321
2024-08-26 21:49:07,ETHUSDT,ask,2850,4127.148
2024-08-26 21:50:53,ETHUSDT,ask,2850,4127.093
2024-08-26 21:51:20,ETHUSDT,bid,2140,4708.019
2024-08-26 21:51:20,ETHUSDT,bid,2290,4364.258
2024-08-26 21:51:22,ETHUSDT,ask,2990,3458.705
2024-08-26 21:51:29,ETHUSDT,ask,2850,4127.059
2024-08-26 21:52:09,ETHUSDT,ask,2990,3458.695
2024-08-26 21:54:11,ETHUSDT,ask,2850,4132.322
2024-08-26 21:54:19,ETHUSDT,ask,2840,3656.969
2024-08-26 21:55:33,ETHUSDT,ask,2850,4132.252
2024-08-26 21:57:39,ETHUSDT,ask,2840,3656.961
2024-08-26 22:01:17,ETHUSDT,ask,2850,4131.981
2024-08-26 22:02:48,ETHUSDT,ask,2840,3656.839
2024-08-26 22:04:29,ETHUSDT,ask,2850,4131.962
2024-08-26 22:05:22,ETHUSDT,ask,2850,4131.979
2024-08-26 22:05:28,ETHUSDT,ask,2850,4134.09
2024-08-26 22:06:01,ETHUSDT,ask,2850,4132.09
2024-08-26 22:13:32,ETHUSDT,ask,2840,3656.821
2024-08-26 22:14:45,ETHUSDT,ask,2990,3458.027
2024-08-26 22:14:50,ETHUSDT,ask,2850,4131.389
2024-08-26 22:15:13,ETHUSDT,ask,2850,4131.096
2024-08-26 22:15:56,ETHUSDT,ask,2850,4131.036
2024-08-26 22:17:44,ETHUSDT,bid,2450,4074.457
2024-08-26 22:20:12,ETHUSDT,ask,2850,4130.888
2024-08-26 22:20:55,ETHUSDT,bid,2450,4074.443
2024-08-26 22:21:47,ETHUSDT,ask,2850,4129.888
2024-08-26 22:22:11,ETHUSDT,ask,2850,4129.875
2024-08-26 22:26:16,ETHUSDT,ask,2850,4129.58
2024-08-26 22:28:26,ETHUSDT,ask,2840,3657.173
2024-08-26 22:30:27,ETHUSDT,ask,2990,3458.027
2024-08-26 22:32:28,ETHUSDT,ask,2850,4134.252
2024-08-26 22:34:07,ETHUSDT,ask,2990,3458.027
2024-08-26 22:37:27,ETHUSDT,ask,2840,3657.16
2024-08-26 22:38:46,ETHUSDT,ask,2990,3458.027
2024-08-26 22:38:52,ETHUSDT,ask,2850,4133.357
2024-08-26 22:41:44,ETHUSDT,ask,2850,4133.498
2024-08-26 22:41:56,ETHUSDT,bid,2720,5018.348
2024-08-26 22:41:58,ETHUSDT,bid,2720,5018.359
2024-08-26 22:42:00,ETHUSDT,bid,2720,5018.659
2024-08-26 22:42:00,ETHUSDT,bid,2720,5018.359
2024-08-26 22:42:01,ETHUSDT,bid,2720,5018.359
2024-08-26 22:42:03,ETHUSDT,bid,2720,5018.481
2024-08-26 22:42:03,ETHUSDT,bid,2720,5028.367
2024-08-26 22:42:03,ETHUSDT,bid,2720,5028.388
2024-08-26 22:42:04,ETHUSDT,bid,2720,5028.824
2024-08-26 22:42:06,ETHUSDT,bid,2720,5027.424
2024-08-26 22:42:07,ETHUSDT,bid,2720,5034.538
2024-08-26 22:42:07,ETHUSDT,bid,2720,5027.754
2024-08-26 22:42:08,ETHUSDT,bid,2720,5024.652
2024-08-26 22:42:08,ETHUSDT,bid,2720,5017.538
2024-08-26 22:42:10,ETHUSDT,bid,2720,5017.518
2024-08-26 22:42:15,ETHUSDT,bid,2720,5017.586
2024-08-26 22:42:16,ETHUSDT,bid,2720,5017.529
2024-08-26 22:42:16,ETHUSDT,bid,2720,5017.518
2024-08-26 22:42:18,ETHUSDT,bid,2720,5017.507
2024-08-26 22:43:55,ETHUSDT,ask,2850,4133.521
2024-08-26 22:44:03,ETHUSDT,ask,2840,3658.16
2024-08-26 22:44:08,ETHUSDT,ask,2850,4134.521
2024-08-26 22:44:46,ETHUSDT,ask,2840,3658.174
2024-08-26 22:49:48,ETHUSDT,ask,2850,4136.088
2024-08-26 22:54:05,ETHUSDT,ask,2850,4133.088
2024-08-26 22:57:29,ETHUSDT,ask,2850,4133.264
2024-08-26 22:58:39,ETHUSDT,ask,2850,4132.335
2024-08-26 23:02:50,ETHUSDT,bid,1960,5141.13
2024-08-26 23:02:50,ETHUSDT,bid,2140,4707.982
2024-08-26 23:03:59,ETHUSDT,ask,2840,3658.118
2024-08-26 23:03:59,ETHUSDT,ask,2850,4132.306
2024-08-26 23:05:29,ETHUSDT,ask,2990,3458.037
2024-08-26 23:05:29,ETHUSDT,ask,2990,3458.047
2024-08-26 23:05:30,ETHUSDT,ask,2990,3458.057
2024-08-26 23:06:11,ETHUSDT,ask,2850,4132.122
2024-08-26 23:06:16,ETHUSDT,ask,2840,3658.618
2024-08-26 23:06:24,ETHUSDT,ask,2990,3458.047
2024-08-26 23:06:27,ETHUSDT,ask,2990,3458.027
2024-08-26 23:06:29,ETHUSDT,ask,2840,3659.954
2024-08-26 23:06:46,ETHUSDT,ask,2850,4130.894
2024-08-26 23:06:58,ETHUSDT,bid,2290,4364.345
2024-08-26 23:07:28,ETHUSDT,ask,2850,4131.407
2024-08-26 23:08:03,ETHUSDT,ask,2840,3658.618
2024-08-26 23:10:32,ETHUSDT,bid,2710,5013.918
2024-08-26 23:10:39,ETHUSDT,bid,2710,5014.022
2024-08-26 23:10:47,ETHUSDT,bid,2710,5013.918
2024-08-26 23:11:09,ETHUSDT,bid,2670,5926.808
2024-08-26 23:11:21,ETHUSDT,bid,2670,5927.969
2024-08-26 23:12:24,ETHUSDT,bid,1960,5141.164
2024-08-26 23:12:24,ETHUSDT,bid,2140,4708.016
2024-08-26 23:12:24,ETHUSDT,ask,2840,3658.652
2024-08-26 23:12:24,ETHUSDT,ask,2850,4131.441
2024-08-26 23:12:24,ETHUSDT,ask,2990,3458.061
2024-08-26 23:15:58,ETHUSDT,ask,2990,3458.071
2024-08-26 23:16:47,ETHUSDT,ask,2990,3458.061
2024-08-26 23:17:15,ETHUSDT,ask,2840,3660.397
2024-08-26 23:17:30,ETHUSDT,ask,2840,3660.63
2024-08-26 23:17:30,ETHUSDT,ask,2990,3458.294
2024-08-26 23:17:34,ETHUSDT,bid,2350,4308.616
2024-08-26 23:23:38,ETHUSDT,ask,2840,3658.241
2024-08-26 23:25:31,ETHUSDT,ask,2850,4131.99
2024-08-26 23:28:29,ETHUSDT,ask,2850,4131.971
2024-08-26 23:30:21,ETHUSDT,ask,2990,3458.311
2024-08-26 23:30:30,ETHUSDT,ask,2990,3458.304
2024-08-26 23:31:04,ETHUSDT,ask,2850,4130.971
2024-08-26 23:31:28,ETHUSDT,ask,2990,3458.294
2024-08-26 23:31:44,ETHUSDT,ask,2850,4130.985
2024-08-26 23:31:49,ETHUSDT,ask,2850,4122.985
2024-08-26 23:33:36,ETHUSDT,ask,2850,4122.838
2024-08-26 23:33:42,ETHUSDT,ask,2840,3659.779
2024-08-26 23:35:34,ETHUSDT,bid,2710,5122.351
2024-08-26 23:35:34,ETHUSDT,bid,2710,5153.476
2024-08-26 23:35:35,ETHUSDT,bid,2710,5122.351
2024-08-26 23:37:38,ETHUSDT,ask,2850,4122.646
2024-08-26 23:37:53,ETHUSDT,bid,2710,5120.351
2024-08-26 23:38:11,ETHUSDT,bid,2710,5122.351
2024-08-26 23:38:55,ETHUSDT,bid,2710,5162.351
2024-08-26 23:39:00,ETHUSDT,bid,2710,5122.351
2024-08-26 23:39:12,ETHUSDT,ask,2850,4115.629
2024-08-26 23:41:12,ETHUSDT,ask,2840,3658.034
2024-08-26 23:42:30,ETHUSDT,bid,2670,5878.467
2024-08-26 23:42:47,ETHUSDT,bid,2670,5875.097
2024-08-26 23:43:16,ETHUSDT,bid,2670,5875.084
2024-08-26 23:44:32,ETHUSDT,ask,2850,4120.629
2024-08-26 23:45:05,ETHUSDT,bid,2670,5874.313
2024-08-26 23:45:51,ETHUSDT,bid,2450,4074.453
2024-08-26 23:45:51,ETHUSDT,bid,2450,4074.463
2024-08-26 23:45:52,ETHUSDT,bid,2450,4074.473
2024-08-26 23:45:54,ETHUSDT,ask,2850,4135.65
2024-08-26 23:46:36,ETHUSDT,ask,2840,3669.653
2024-08-26 23:46:47,ETHUSDT,bid,2450,4074.453
2024-08-26 23:46:48,ETHUSDT,bid,2450,4074.443
2024-08-26 23:47:18,ETHUSDT,bid,2670,5874.077
2024-08-26 23:47:43,ETHUSDT,bid,2670,5851.07
2024-08-26 23:48:48,ETHUSDT,bid,2450,4074.452
2024-08-26 23:48:48,ETHUSDT,bid,2450,4074.452
2024-08-26 23:48:49,ETHUSDT,bid,2450,4074.461
2024-08-26 23:48:49,ETHUSDT,bid,2450,4074.47
2024-08-26 23:48:49,ETHUSDT,bid,2450,4074.479
2024-08-26 23:48:49,ETHUSDT,bid,2450,4074.479
2024-08-26 23:48:50,ETHUSDT,bid,2450,4074.488
2024-08-26 23:48:50,ETHUSDT,bid,2450,4074.497
2024-08-26 23:48:50,ETHUSDT,bid,2450,4074.497
2024-08-26 23:48:51,ETHUSDT,bid,2450,4074.507
2024-08-26 23:48:51,ETHUSDT,bid,2450,4074.507
2024-08-26 23:48:52,ETHUSDT,bid,2450,4074.516
2024-08-26 23:48:52,ETHUSDT,bid,2450,4074.525
2024-08-26 23:48:52,ETHUSDT,bid,2450,4074.525
2024-08-26 23:48:53,ETHUSDT,bid,2450,4074.525
2024-08-26 23:48:57,ETHUSDT,bid,2450,4074.516
2024-08-26 23:48:58,ETHUSDT,bid,2450,4074.507
2024-08-26 23:48:58,ETHUSDT,bid,2450,4074.498
2024-08-26 23:48:58,ETHUSDT,bid,2450,4074.489
2024-08-26 23:48:59,ETHUSDT,bid,2450,4074.48
2024-08-26 23:48:59,ETHUSDT,bid,2450,4074.471
2024-08-26 23:49:01,ETHUSDT,bid,2450,4074.462
2024-08-26 23:49:01,ETHUSDT,bid,2450,4074.453
2024-08-26 23:49:21,ETHUSDT,bid,2450,4074.443
2024-08-26 23:51:05,ETHUSDT,bid,2670,5851.332
2024-08-26 23:52:19,ETHUSDT,bid,2670,5851.607
2024-08-26 23:52:34,ETHUSDT,ask,2850,4135.708
2024-08-26 23:52:52,ETHUSDT,ask,2840,3669.653
2024-08-26 23:53:55,ETHUSDT,bid,2670,5850.858
2024-08-26 23:54:51,ETHUSDT,bid,2670,5851.419
2024-08-26 23:54:54,ETHUSDT,bid,2670,5854.415
2024-08-26 23:55:20,ETHUSDT,ask,2840,3669.672
2024-08-26 23:56:34,ETHUSDT,bid,2670,5854.677
2024-08-26 23:57:13,ETHUSDT,bid,2670,5854.761
2024-08-26 23:57:47,ETHUSDT,ask,2840,3658.053
2024-08-26 23:57:49,ETHUSDT,ask,2840,3663.053
2024-08-26 23:57:56,ETHUSDT,bid,2670,5854.948
2024-08-27 00:03:33,ETHUSDT,bid,2670,5855.067
2024-08-27 00:03:57,ETHUSDT,bid,2670,5855.264
2024-08-27 00:05:18,ETHUSDT,bid,2670,5856.212
2024-08-27 00:06:43,ETHUSDT,bid,2670,5854.859
2024-08-27 00:07:27,ETHUSDT,bid,2670,5854.12
2024-08-27 00:07:38,ETHUSDT,bid,2670,5856.7
2024-08-27 00:10:06,ETHUSDT,bid,2670,5861.7
2024-08-27 00:10:55,ETHUSDT,bid,2720,10013.09
2024-08-27 00:12:07,ETHUSDT,ask,2850,4131.884
2024-08-27 00:13:47,ETHUSDT,bid,2670,5860.764
2024-08-27 00:14:05,ETHUSDT,bid,2670,5868.246
2024-08-27 00:14:40,ETHUSDT,bid,2670,5870.227
2024-08-27 00:15:45,ETHUSDT,bid,2670,5870.117
2024-08-27 00:16:01,ETHUSDT,ask,2850,4132.684
2024-08-27 00:16:03,ETHUSDT,bid,2670,5869.117
2024-08-27 00:16:50,ETHUSDT,bid,2670,5868.181
2024-08-27 00:17:17,ETHUSDT,bid,2670,5866.309
2024-08-27 00:17:30,ETHUSDT,bid,2670,5870.054
2024-08-27 00:18:59,ETHUSDT,bid,2350,4308.722
2024-08-27 00:19:05,ETHUSDT,bid,2670,5862.572
2024-08-27 00:19:28,ETHUSDT,bid,2670,5862.582
2024-08-27 00:19:29,ETHUSDT,bid,2670,5862.572
2024-08-27 00:19:32,ETHUSDT,bid,2250,4461.203
2024-08-27 00:19:59,ETHUSDT,bid,2670,5870.249
2024-08-27 00:20:44,ETHUSDT,bid,2670,5868.268
2024-08-27 00:20:59,ETHUSDT,bid,2670,5868.081
2024-08-27 00:21:17,ETHUSDT,bid,2670,5869.579
2024-08-27 00:21:32,ETHUSDT,ask,2850,4127.421
2024-08-27 00:21:45,ETHUSDT,bid,2670,5854.579
2024-08-27 00:23:07,ETHUSDT,ask,2840,3664.109
2024-08-27 00:24:47,ETHUSDT,bid,2670,5854.479
2024-08-27 00:26:09,ETHUSDT,bid,2670,5854.773
2024-08-27 00:26:19,ETHUSDT,bid,2670,5854.76
2024-08-27 00:26:37,ETHUSDT,bid,2670,5854.861
2024-08-27 00:26:50,ETHUSDT,bid,2670,5877.579
2024-08-27 00:26:57,ETHUSDT,bid,2670,5877.587
2024-08-27 00:28:21,ETHUSDT,bid,2670,5875.715
2024-08-27 00:29:00,ETHUSDT,bid,2670,5876.838
2024-08-27 00:29:17,ETHUSDT,bid,2670,5876.857
2024-08-27 00:29:44,ETHUSDT,bid,2670,5886.857
2024-08-27 00:30:20,ETHUSDT,bid,2670,5895.609
2024-08-27 00:31:20,ETHUSDT,bid,2670,5886.857
2024-08-27 00:32:18,ETHUSDT,bid,2670,6486.857
2024-08-27 00:33:46,ETHUSDT,bid,2670,6487.323
2024-08-27 00:33:58,ETHUSDT,ask,2840,3657.893
2024-08-27 00:34:28,ETHUSDT,bid,2670,6504.154
2024-08-27 00:34:34,ETHUSDT,bid,2670,6503.688
2024-08-27 00:35:24,ETHUSDT,bid,2670,6503.788
2024-08-27 00:35:28,ETHUSDT,bid,2670,6515.019
2024-08-27 00:35:35,ETHUSDT,bid,2670,6515.039
2024-08-27 00:35:37,ETHUSDT,bid,2670,6515.466
2024-08-27 00:35:56,ETHUSDT,ask,2990,3458.304
2024-08-27 00:35:56,ETHUSDT,ask,2990,3458.314
2024-08-27 00:36:17,ETHUSDT,ask,2990,3458.304
2024-08-27 00:37:23,ETHUSDT,bid,2670,6504.235
2024-08-27 00:37:42,ETHUSDT,bid,2670,6487.404
2024-08-27 00:39:22,ETHUSDT,bid,2670,6488.404
2024-08-27 00:39:44,ETHUSDT,ask,2850,4112.26
2024-08-27 00:41:00,ETHUSDT,bid,2670,6489.003
2024-08-27 00:41:41,ETHUSDT,bid,2670,6489.003
2024-08-27 00:41:41,ETHUSDT,bid,2670,6489.003
2024-08-27 00:42:24,ETHUSDT,bid,2670,6494.003
2024-08-27 00:42:56,ETHUSDT,bid,2670,6497.748
2024-08-27 00:43:09,ETHUSDT,bid,2670,6497.792
2024-08-27 00:43:13,ETHUSDT,bid,2670,6496.792
2024-08-27 00:43:32,ETHUSDT,bid,2670,6505.346
2024-08-27 00:43:42,ETHUSDT,bid,2670,6505.585
2024-08-27 00:43:47,ETHUSDT,bid,2670,6503.646
2024-08-27 00:43:53,ETHUSDT,bid,2670,6505.933
2024-08-27 00:44:02,ETHUSDT,bid,2670,6505.983
2024-08-27 00:44:23,ETHUSDT,bid,2670,6506.093
2024-08-27 00:44:37,ETHUSDT,bid,2670,6506.593
2024-08-27 00:44:43,ETHUSDT,bid,2670,6506.396
2024-08-27 00:45:18,ETHUSDT,bid,2670,6506.585
2024-08-27 00:46:07,ETHUSDT,bid,2670,6506.585
2024-08-27 00:46:08,ETHUSDT,bid,2670,6506.585
2024-08-27 00:46:08,ETHUSDT,bid,2670,6506.878
2024-08-27 00:46:18,ETHUSDT,bid,2670,6507.878
2024-08-27 00:46:23,ETHUSDT,bid,2670,6499.324
2024-08-27 00:46:26,ETHUSDT,bid,2670,6500.324
2024-08-27 00:46:31,ETHUSDT,bid,2670,6499.353
2024-08-27 00:46:36,ETHUSDT,bid,2670,6499.353
2024-08-27 00:46:37,ETHUSDT,bid,2670,6500.075
2024-08-27 00:46:37,ETHUSDT,bid,2670,6499.353
2024-08-27 00:46:39,ETHUSDT,bid,2670,6499.06
2024-08-27 00:46:43,ETHUSDT,ask,2850,4107.865
2024-08-27 00:46:48,ETHUSDT,bid,2670,6498.85
2024-08-27 00:46:49,ETHUSDT,bid,2670,6498.101
2024-08-27 00:46:53,ETHUSDT,bid,2670,6501.471
2024-08-27 00:46:56,ETHUSDT,bid,2670,6499.971
2024-08-27 00:47:12,ETHUSDT,bid,2670,6500.609
2024-08-27 00:47:15,ETHUSDT,bid,2670,6500.583
2024-08-27 00:47:21,ETHUSDT,bid,2670,6497.583
2024-08-27 00:47:32,ETHUSDT,bid,2670,6499.522
2024-08-27 00:47:46,ETHUSDT,ask,2850,4108.119
2024-08-27 00:47:49,ETHUSDT,bid,2670,6565.84
2024-08-27 00:47:54,ETHUSDT,bid,2670,6567.547
2024-08-27 00:48:00,ETHUSDT,bid,2670,6567.446
2024-08-27 00:48:03,ETHUSDT,bid,2670,6566.127
2024-08-27 00:48:17,ETHUSDT,bid,2670,6574.127
2024-08-27 00:48:21,ETHUSDT,bid,2670,6572.188
2024-08-27 00:48:36,ETHUSDT,bid,2670,6576.681
2024-08-27 00:48:39,ETHUSDT,bid,2670,6576.734
2024-08-27 00:48:42,ETHUSDT,bid,2670,6577.234
2024-08-27 00:48:45,ETHUSDT,bid,2670,6577.734
2024-08-27 00:48:47,ETHUSDT,bid,2670,6577.808
2024-08-27 00:48:47,ETHUSDT,bid,2670,6577.995
2024-08-27 00:48:53,ETHUSDT,bid,2670,6562.246
2024-08-27 00:49:05,ETHUSDT,bid,2670,6562.283
2024-08-27 00:49:07,ETHUSDT,bid,2670,6562.242
2024-08-27 00:49:09,ETHUSDT,bid,2670,6567.082
2024-08-27 00:49:11,ETHUSDT,bid,2670,6566.582
2024-08-27 00:49:13,ETHUSDT,bid,2670,6566.701
2024-08-27 00:49:14,ETHUSDT,bid,2670,6566.721
2024-08-27 00:49:18,ETHUSDT,bid,2670,6565.323
2024-08-27 00:49:20,ETHUSDT,bid,2670,6565.223
2024-08-27 00:49:28,ETHUSDT,bid,2670,6565.123
2024-08-27 00:49:30,ETHUSDT,bid,2670,6565.111
2024-08-27 00:49:31,ETHUSDT,bid,2670,6567.024
2024-08-27 00:49:34,ETHUSDT,bid,2670,6567.96
2024-08-27 00:49:38,ETHUSDT,ask,2840,3657.53
2024-08-27 00:49:41,ETHUSDT,bid,2670,6568.497
2024-08-27 00:49:49,ETHUSDT,bid,2670,6569.497
2024-08-27 00:49:52,ETHUSDT,bid,2670,6568.497
2024-08-27 00:49:58,ETHUSDT,ask,2850,4108.32
2024-08-27 00:52:43,ETHUSDT,ask,2850,4106.431
2024-08-27 00:52:58,ETHUSDT,bid,2140,4708.005
2024-08-27 00:52:58,ETHUSDT,ask,2840,3657.4
2024-08-27 00:52:58,ETHUSDT,ask,2850,4106.42
2024-08-27 00:52:58,ETHUSDT,ask,2990,3458.283
2024-08-27 00:54:56,ETHUSDT,bid,2340,4274.911
2024-08-27 00:55:08,ETHUSDT,bid,2140,4707.982
2024-08-27 00:57:25,ETHUSDT,bid,1700,6000.768
2024-08-27 00:57:25,ETHUSDT,bid,1960,5141.149
2024-08-27 00:57:25,ETHUSDT,bid,2140,4707.967
2024-08-27 00:57:25,ETHUSDT,ask,2840,3657.385
2024-08-27 00:59:50,ETHUSDT,ask,2850,4146.125
2024-08-27 01:00:40,ETHUSDT,ask,2840,3656.385
2024-08-27 01:00:50,ETHUSDT,ask,2850,4150.125
2024-08-27 01:01:08,ETHUSDT,ask,2850,4149.825
2024-08-27 01:03:46,ETHUSDT,bid,2140,4707.978
2024-08-27 01:03:46,ETHUSDT,ask,2840,3656.396
2024-08-27 01:03:46,ETHUSDT,ask,2850,4149.836
2024-08-27 01:05:16,ETHUSDT,bid,2140,4707.951
2024-08-27 01:05:47,ETHUSDT,bid,2360,4232.272
2024-08-27 01:05:48,ETHUSDT,bid,2350,4308.712
2024-08-27 01:08:32,ETHUSDT,ask,2840,3656.041
2024-08-27 01:08:32,ETHUSDT,ask,2850,4149.773
2024-08-27 01:09:36,ETHUSDT,bid,2670,3824.377
2024-08-27 01:09:37,ETHUSDT,bid,2670,3824.444
2024-08-27 01:09:40,ETHUSDT,bid,2670,3824.422
2024-08-27 01:09:40,ETHUSDT,bid,2670,3824.43
2024-08-27 01:09:40,ETHUSDT,bid,2670,3824.63
2024-08-27 01:09:45,ETHUSDT,bid,2670,3827.571
2024-08-27 01:09:48,ETHUSDT,bid,2670,3821.541
2024-08-27 01:09:51,ETHUSDT,bid,2670,3820.757
2024-08-27 01:09:52,ETHUSDT,bid,2670,3820.939
2024-08-27 01:09:57,ETHUSDT,bid,2670,3820.949
2024-08-27 01:09:58,ETHUSDT,bid,2670,3821.634
2024-08-27 01:09:59,ETHUSDT,bid,2670,3819.634
2024-08-27 01:10:13,ETHUSDT,bid,2670,3819.746
2024-08-27 01:10:16,ETHUSDT,bid,2670,3819.776
2024-08-27 01:10:18,ETHUSDT,bid,2670,3820.105
2024-08-27 01:10:18,ETHUSDT,bid,2670,3823.002
2024-08-27 01:10:18,ETHUSDT,bid,2670,3820.105
2024-08-27 01:10:30,ETHUSDT,bid,2670,3820.005
2024-08-27 01:10:36,ETHUSDT,bid,2670,3819.874
2024-08-27 01:10:37,ETHUSDT,bid,2670,3820.024
2024-08-27 01:10:37,ETHUSDT,bid,2670,3821.567
2024-08-27 01:10:40,ETHUSDT,bid,2670,3821.082
2024-08-27 01:10:45,ETHUSDT,bid,2670,3857.446
2024-08-27 01:10:48,ETHUSDT,bid,2670,3857.546
2024-08-27 01:10:51,ETHUSDT,bid,2670,3856.937
2024-08-27 01:10:54,ETHUSDT,bid,2670,3855.937
2024-08-27 01:10:55,ETHUSDT,bid,2670,3855.937
2024-08-27 01:10:56,ETHUSDT,ask,2840,3656.017
2024-08-27 01:10:56,ETHUSDT,ask,2840,3656.039
2024-08-27 01:11:05,ETHUSDT,bid,2670,3855.806
2024-08-27 01:11:05,ETHUSDT,bid,2670,3856.018
2024-08-27 01:11:06,ETHUSDT,bid,2670,3855.878
2024-08-27 01:11:09,ETHUSDT,bid,2670,3850.878
2024-08-27 01:11:10,ETHUSDT,bid,2670,3852.878
2024-08-27 01:11:13,ETHUSDT,bid,2670,3852.678
2024-08-27 01:11:17,ETHUSDT,bid,2670,3852.507
2024-08-27 01:11:18,ETHUSDT,bid,2670,3852.409
2024-08-27 01:11:20,ETHUSDT,bid,2670,3852.419
2024-08-27 01:11:20,ETHUSDT,bid,2670,3852.443
2024-08-27 01:11:25,ETHUSDT,bid,2670,3852.343
2024-08-27 01:11:32,ETHUSDT,bid,2670,3867.918
2024-08-27 01:11:34,ETHUSDT,bid,2670,3867.928
2024-08-27 01:11:35,ETHUSDT,bid,2670,3867.689
2024-08-27 01:11:35,ETHUSDT,bid,2670,3866.689
2024-08-27 01:11:36,ETHUSDT,ask,2850,4148.192
2024-08-27 01:11:36,ETHUSDT,bid,2670,3866.703
2024-08-27 01:11:37,ETHUSDT,bid,2670,3866.706
2024-08-27 01:11:45,ETHUSDT,bid,2670,3868.591
2024-08-27 01:11:47,ETHUSDT,bid,2670,3867.852
2024-08-27 01:11:47,ETHUSDT,bid,2670,5254.98
2024-08-27 01:11:48,ETHUSDT,bid,2670,5251.98
2024-08-27 01:11:48,ETHUSDT,bid,2670,5248.672
2024-08-27 01:11:53,ETHUSDT,bid,2670,5249.031
2024-08-27 01:11:55,ETHUSDT,bid,2670,5248.921
2024-08-27 01:12:02,ETHUSDT,bid,2670,5212.557
2024-08-27 01:12:05,ETHUSDT,bid,2670,5212.547
2024-08-27 01:12:11,ETHUSDT,bid,2670,5214.458
2024-08-27 01:12:14,ETHUSDT,bid,2670,5213.458
2024-08-27 01:12:14,ETHUSDT,bid,2670,5214.22
2024-08-27 01:12:16,ETHUSDT,bid,2670,5214.12
2024-08-27 01:12:16,ETHUSDT,bid,2670,5214.363
2024-08-27 01:12:18,ETHUSDT,bid,2670,5214.345
2024-08-27 01:12:21,ETHUSDT,bid,2670,5213.345
2024-08-27 01:12:38,ETHUSDT,bid,2670,5213.412
2024-08-27 01:12:50,ETHUSDT,bid,2670,5213.912
2024-08-27 01:12:51,ETHUSDT,bid,2670,5214.488
2024-08-27 01:17:13,ETHUSDT,ask,2840,3656.14
2024-08-27 01:17:14,ETHUSDT,bid,2140,4708.013
2024-08-27 01:17:14,ETHUSDT,ask,2840,3656.202
2024-08-27 01:17:14,ETHUSDT,ask,2850,4148.254
2024-08-27 01:17:14,ETHUSDT,ask,2990,3458.356
2024-08-27 01:17:35,ETHUSDT,ask,2850,4147.776
2024-08-27 01:17:40,ETHUSDT,ask,2850,4145.66
2024-08-27 01:17:49,ETHUSDT,ask,2850,4145.8
2024-08-27 01:17:51,ETHUSDT,ask,2850,4143.8
2024-08-27 01:17:54,ETHUSDT,ask,2840,3656.194
2024-08-27 01:17:54,ETHUSDT,ask,2850,4143.792
2024-08-27 01:17:54,ETHUSDT,ask,2990,3458.348
2024-08-27 01:18:11,ETHUSDT,ask,2850,4142.038
2024-08-27 01:20:06,ETHUSDT,ask,3090,3339.136
2024-08-27 01:22:04,ETHUSDT,ask,2840,3656.185
2024-08-27 01:24:05,ETHUSDT,ask,2840,3656.649
2024-08-27 01:28:58,ETHUSDT,ask,2850,4110.44
2024-08-27 01:29:13,ETHUSDT,bid,2350,4308.865
2024-08-27 01:30:28,ETHUSDT,ask,2840,3656.684
2024-08-27 01:32:36,ETHUSDT,ask,2850,4108.686
2024-08-27 01:33:28,ETHUSDT,ask,2840,3657.019
2024-08-27 01:33:32,ETHUSDT,ask,2850,4108.593
2024-08-27 01:33:47,ETHUSDT,ask,2840,3656.019
2024-08-27 01:34:23,ETHUSDT,ask,2850,4108.668
2024-08-27 01:38:01,ETHUSDT,ask,2840,3655.867
2024-08-27 01:38:01,ETHUSDT,ask,2850,4108.851
2024-08-27 01:39:21,ETHUSDT,ask,2850,4113.437
2024-08-27 01:47:46,ETHUSDT,ask,2990,3458.683
2024-08-27 01:57:18,ETHUSDT,ask,2850,4113.451
2024-08-27 01:58:12,ETHUSDT,ask,2990,3458.673
2024-08-27 02:02:44,ETHUSDT,ask,2850,4113.175
2024-08-27 02:02:50,ETHUSDT,ask,2850,4113.165
2024-08-27 02:03:42,ETHUSDT,ask,2850,4112.165
2024-08-27 02:06:25,ETHUSDT,ask,2840,3657.696
2024-08-27 02:08:09,ETHUSDT,ask,2840,3655.867
2024-08-27 02:09:40,ETHUSDT,ask,2840,3655.831
2024-08-27 02:09:40,ETHUSDT,ask,2850,4112.129
2024-08-27 02:21:22,ETHUSDT,ask,2840,3655.478
2024-08-27 02:31:22,ETHUSDT,ask,2850,4102.129
2024-08-27 02:35:48,ETHUSDT,ask,2840,3655.491
2024-08-27 02:35:48,ETHUSDT,ask,2850,4102.142
2024-08-27 02:35:48,ETHUSDT,ask,2990,3458.685
2024-08-27 02:42:19,ETHUSDT,ask,2850,4103.142
2024-08-27 02:43:09,ETHUSDT,ask,2840,3650.491
2024-08-27 02:44:47,ETHUSDT,ask,2850,4102.849
2024-08-27 02:45:22,ETHUSDT,ask,2850,4102.823
2024-08-27 03:00:02,ETHUSDT,bid,2250,4461.318
2024-08-27 03:01:18,ETHUSDT,ask,2850,4103.338
2024-08-27 03:01:27,ETHUSDT,ask,2850,4102.812
2024-08-27 03:08:10,ETHUSDT,ask,2850,4097.812
2024-08-27 03:11:02,ETHUSDT,ask,2850,4097.462
2024-08-27 03:13:35,ETHUSDT,ask,2850,4095.708
2024-08-27 03:13:40,ETHUSDT,ask,2990,3458.618
2024-08-27 03:16:39,ETHUSDT,ask,2850,4095.358
2024-08-27 03:22:49,ETHUSDT,ask,2840,3650.487
2024-08-27 03:22:49,ETHUSDT,ask,2850,4095.354
2024-08-27 03:22:49,ETHUSDT,ask,2990,3458.606
2024-08-27 03:26:35,ETHUSDT,ask,2840,3650.503
2024-08-27 03:31:29,ETHUSDT,ask,2840,3650.068
2024-08-27 03:34:53,ETHUSDT,ask,2850,4095.468
2024-08-27 03:41:09,ETHUSDT,ask,2850,4097.688
2024-08-27 03:41:28,ETHUSDT,ask,2850,4095.468
2024-08-27 03:41:44,ETHUSDT,ask,2850,4097.317
2024-08-27 03:51:53,ETHUSDT,ask,2850,4097.302
2024-08-27 03:51:57,ETHUSDT,ask,2840,3650.16
2024-08-27 04:00:00,ETHUSDT,bid,2250,4461.203
2024-08-27 04:04:26,ETHUSDT,ask,2840,3649.977
2024-08-27 04:04:26,ETHUSDT,ask,2850,4095.674
2024-08-27 04:15:30,ETHUSDT,ask,2840,3649.744
2024-08-27 04:15:30,ETHUSDT,ask,2990,3458.373
2024-08-27 04:15:48,ETHUSDT,ask,2840,3649.28
2024-08-27 04:18:40,ETHUSDT,ask,2850,4095.665
2024-08-27 04:19:19,ETHUSDT,bid,2140,4708.027
2024-08-27 04:20:54,ETHUSDT,bid,2140,4708.12
2024-08-27 04:20:54,ETHUSDT,bid,2140,4708.027
2024-08-27 04:20:55,ETHUSDT,bid,2140,4708.027
2024-08-27 04:21:08,ETHUSDT,ask,2850,4095.655
2024-08-27 04:23:07,ETHUSDT,bid,2140,4708.04
2024-08-27 04:32:28,ETHUSDT,bid,2140,4708.04
2024-08-27 04:32:28,ETHUSDT,bid,2140,4708.04
2024-08-27 04:32:29,ETHUSDT,bid,2140,4708.04
2024-08-27 04:32:29,ETHUSDT,bid,2140,4708.133
2024-08-27 04:32:29,ETHUSDT,bid,2140,4708.04
2024-08-27 04:32:30,ETHUSDT,bid,2140,4708.133
2024-08-27 04:32:30,ETHUSDT,bid,2140,4708.04
2024-08-27 04:32:31,ETHUSDT,bid,2140,4708.04
2024-08-27 04:35:23,ETHUSDT,ask,2850,4090.727
2024-08-27 04:37:09,ETHUSDT,ask,2850,4088.878
2024-08-27 04:39:51,ETHUSDT,ask,2850,4087.896
2024-08-27 04:40:02,ETHUSDT,ask,2850,4087.873
2024-08-27 04:42:09,ETHUSDT,ask,2850,4087.886
2024-08-27 04:43:39,ETHUSDT,ask,2840,3649.26
2024-08-27 04:52:10,ETHUSDT,ask,2840,3649.614
2024-08-27 04:52:27,ETHUSDT,ask,2840,3646.445
2024-08-27 04:54:47,ETHUSDT,ask,2850,4087.993
2024-08-27 04:56:39,ETHUSDT,ask,2850,4087.886
2024-08-27 04:58:11,ETHUSDT,ask,2850,4087.954
2024-08-27 05:04:13,ETHUSDT,ask,2850,4088.955
2024-08-27 05:09:28,ETHUSDT,ask,2850,4088.887
2024-08-27 05:10:38,ETHUSDT,ask,2850,4091.692
2024-08-27 05:10:55,ETHUSDT,ask,2850,4091.712
2024-08-27 05:11:36,ETHUSDT,ask,2850,4088.907
2024-08-27 05:19:46,ETHUSDT,ask,2840,3645.375
2024-08-27 05:23:32,ETHUSDT,ask,2840,3643.439
2024-08-27 05:24:57,ETHUSDT,ask,2850,4084.688
2024-08-27 05:25:39,ETHUSDT,ask,2850,4084.833
2024-08-27 05:26:00,ETHUSDT,ask,2840,3634.637
2024-08-27 05:32:29,ETHUSDT,bid,1960,5141.115
2024-08-27 05:32:29,ETHUSDT,bid,2140,4708.006
2024-08-27 05:32:29,ETHUSDT,ask,2840,3634.603
2024-08-27 05:32:29,ETHUSDT,ask,2850,4084.799
2024-08-27 05:32:29,ETHUSDT,ask,2990,3458.353
