2024-08-13 07:02:37,BTCUSDT,ask,61800,530.494
2024-08-13 07:04:40,BTCUSDT,ask,61800,530.54
2024-08-13 07:10:24,BTCUSDT,bid,47000,875.297
2024-08-13 07:12:00,BTCUSDT,ask,61800,530.508
2024-08-13 07:12:06,BTCUSDT,ask,61800,530.515
2024-08-13 07:15:30,BTCUSDT,ask,61800,529.968
2024-08-13 07:16:20,BTCUSDT,ask,61800,529.971
2024-08-13 07:19:12,BTCUSDT,ask,61800,530.075
2024-08-13 07:19:20,BTCUSDT,ask,61800,529.375
2024-08-13 07:19:37,BTCUSDT,ask,61800,529.357
2024-08-13 07:27:25,BTCUSDT,ask,61800,529.352
2024-08-13 07:31:54,BTCUSDT,ask,61800,529.35
2024-08-13 07:41:10,BTCUSDT,ask,61800,529.279
2024-08-13 07:45:15,BTCUSDT,ask,61800,529.315
2024-08-13 07:45:47,BTCUSDT,ask,61800,529.319
2024-08-13 07:46:47,BTCUSDT,ask,61800,529.341
2024-08-13 07:51:38,BTCUSDT,ask,61800,529.939
2024-08-13 07:53:18,BTCUSDT,ask,61800,529.891
2024-08-13 07:53:28,BTCUSDT,ask,61800,529.907
2024-08-13 07:57:31,BTCUSDT,ask,61800,529.903
2024-08-13 07:58:37,BTCUSDT,ask,61800,530.04
2024-08-13 07:58:46,BTCUSDT,ask,61800,530.04
2024-08-13 07:58:47,BTCUSDT,ask,61800,530.04
2024-08-13 07:58:48,BTCUSDT,ask,61800,530.04
2024-08-13 07:58:49,BTCUSDT,ask,61800,530.04
2024-08-13 08:03:20,BTCUSDT,bid,47000,875.797
2024-08-13 08:03:50,BTCUSDT,ask,61800,530.509
2024-08-13 08:04:57,BTCUSDT,ask,61800,530.541
2024-08-13 08:04:59,BTCUSDT,ask,61800,530.549
2024-08-13 08:05:38,BTCUSDT,ask,61800,530.542
2024-08-13 08:06:15,BTCUSDT,ask,61800,530.802
2024-08-13 08:07:02,BTCUSDT,ask,61800,530.799
2024-08-13 08:13:17,BTCUSDT,ask,61800,530.33
2024-08-13 08:14:20,BTCUSDT,ask,61800,530.344
2024-08-13 08:16:24,BTCUSDT,bid,47000,875.897
2024-08-13 08:17:50,BTCUSDT,ask,61800,530.314
2024-08-13 08:23:18,BTCUSDT,ask,61800,530.264
2024-08-13 08:25:51,BTCUSDT,ask,61800,530.214
2024-08-13 08:26:39,BTCUSDT,ask,61800,530.216
2024-08-13 08:27:04,BTCUSDT,ask,61800,530.2
2024-08-13 08:28:56,BTCUSDT,ask,61800,530.192
2024-08-13 08:32:26,BTCUSDT,ask,61800,530.213
2024-08-13 08:36:15,BTCUSDT,ask,61800,530.224
2024-08-13 08:36:31,BTCUSDT,ask,61800,530.227
2024-08-13 08:38:16,BTCUSDT,bid,47000,875.697
2024-08-13 08:51:07,BTCUSDT,ask,61800,530.209
2024-08-13 08:51:15,BTCUSDT,bid,47000,875.703
2024-08-13 08:51:17,BTCUSDT,ask,61800,529.949
2024-08-13 08:51:50,BTCUSDT,ask,61800,529.962
2024-08-13 08:53:40,BTCUSDT,ask,61800,529.824
2024-08-13 08:54:53,BTCUSDT,ask,61800,529.824
2024-08-13 08:54:54,BTCUSDT,ask,61800,529.824
2024-08-13 08:54:55,BTCUSDT,ask,61800,529.824
2024-08-13 08:55:09,BTCUSDT,ask,61800,529.824
2024-08-13 08:57:27,BTCUSDT,bid,47000,875.698
2024-08-13 09:01:11,BTCUSDT,ask,61800,529.862
2024-08-13 14:08:45,BTCUSDT,ask,61800,528.276
2024-08-13 14:09:23,BTCUSDT,ask,61800,528.227
2024-08-13 14:12:46,BTCUSDT,ask,61800,528.229
2024-08-13 14:16:44,BTCUSDT,ask,61800,528.245
2024-08-13 14:18:34,BTCUSDT,ask,61800,528.413
2024-08-13 14:23:48,BTCUSDT,bid,47000,873.617
2024-08-13 14:29:29,BTCUSDT,ask,61800,528.171
2024-08-13 14:30:21,BTCUSDT,bid,47000,873.624
2024-08-13 14:34:26,BTCUSDT,ask,61800,528.117
2024-08-13 14:37:38,BTCUSDT,bid,47000,873.621
2024-08-13 14:39:40,BTCUSDT,bid,47000,873.624
2024-08-13 14:43:23,BTCUSDT,ask,61800,528.12
2024-08-13 14:43:51,BTCUSDT,ask,61800,528.117
2024-08-13 14:44:13,BTCUSDT,ask,61800,528.12
2024-08-13 14:59:33,BTCUSDT,ask,61800,528.118
2024-08-13 15:02:23,BTCUSDT,ask,61800,527.976
2024-08-13 15:02:42,BTCUSDT,ask,61800,527.986
2024-08-13 15:07:40,BTCUSDT,ask,61800,527.983
2024-08-13 15:13:24,BTCUSDT,ask,61800,528.004
2024-08-13 15:13:48,BTCUSDT,ask,61800,528.172
2024-08-13 15:15:56,BTCUSDT,ask,61800,528.072
2024-08-13 15:15:57,BTCUSDT,ask,61800,528.004
2024-08-13 15:15:57,BTCUSDT,ask,61800,528.052
2024-08-13 15:20:39,BTCUSDT,bid,47300,806.848
2024-08-13 15:23:37,BTCUSDT,bid,47300,806.851
2024-08-13 15:25:45,BTCUSDT,ask,61800,527.726
2024-08-13 15:30:38,BTCUSDT,ask,61800,527.723
2024-08-13 15:33:13,BTCUSDT,ask,61800,527.708
2024-08-13 15:37:09,BTCUSDT,bid,47300,806.848
2024-08-13 15:37:12,BTCUSDT,bid,47300,806.845
2024-08-13 15:41:28,BTCUSDT,ask,61800,527.587
2024-08-13 15:47:28,BTCUSDT,ask,61800,527.579
2024-08-13 15:58:57,BTCUSDT,ask,61800,527.394
2024-08-13 15:59:04,BTCUSDT,ask,61800,527.599
2024-08-13 16:03:16,BTCUSDT,ask,61800,527.621
2024-08-13 07:01:07,BTCUSD_PERP,bid,58800,754.21
2024-08-13 07:01:07,BTCUSD_PERP,bid,58800,696.55
2024-08-13 07:01:07,BTCUSD_PERP,bid,58800,638.3
2024-08-13 07:01:07,BTCUSD_PERP,bid,58800,580.05
2024-08-13 07:01:07,BTCUSD_PERP,bid,58800,522.39
2024-08-13 07:01:08,BTCUSD_PERP,bid,58800,521.03
2024-08-13 07:01:08,BTCUSD_PERP,bid,58800,636.78
2024-08-13 07:01:09,BTCUSD_PERP,bid,58800,753.22
2024-08-13 07:01:09,BTCUSD_PERP,bid,58800,811.44
2024-08-13 07:01:53,BTCUSD_PERP,bid,58800,695.59
2024-08-13 07:01:53,BTCUSD_PERP,bid,58800,637.96
2024-08-13 07:01:53,BTCUSD_PERP,bid,58800,580.33
2024-08-13 07:01:55,BTCUSD_PERP,bid,58800,522.39
2024-08-13 07:02:53,BTCUSD_PERP,bid,58800,522.12
2024-08-13 07:02:53,BTCUSD_PERP,bid,58800,579.75
2024-08-13 07:03:49,BTCUSD_PERP,bid,58800,521.53
2024-08-13 07:03:50,BTCUSD_PERP,bid,58800,580.14
2024-08-13 07:03:50,BTCUSD_PERP,bid,58800,638.4
2024-08-13 07:03:50,BTCUSD_PERP,bid,58800,696.66
2024-08-13 07:03:50,BTCUSD_PERP,bid,58800,754.33
2024-08-13 07:03:50,BTCUSD_PERP,bid,58800,812.0
2024-08-13 07:03:51,BTCUSD_PERP,bid,58800,869.67
2024-08-13 07:03:51,BTCUSD_PERP,bid,58800,927.93
2024-08-13 07:04:05,BTCUSD_PERP,bid,58800,869.67
2024-08-13 07:04:05,BTCUSD_PERP,bid,58800,812.0
2024-08-13 07:04:06,BTCUSD_PERP,bid,58800,696.66
2024-08-13 07:04:06,BTCUSD_PERP,bid,58800,638.4
2024-08-13 07:04:06,BTCUSD_PERP,bid,58800,580.14
2024-08-13 07:05:37,BTCUSD_PERP,bid,58900,582.61
2024-08-13 07:05:37,BTCUSD_PERP,bid,58900,640.4
2024-08-13 07:05:37,BTCUSD_PERP,bid,58900,755.98
2024-08-13 07:06:16,BTCUSD_PERP,bid,58900,698.19
2024-08-13 07:06:17,BTCUSD_PERP,bid,58900,524.23
2024-08-13 07:12:09,BTCUSD_PERP,bid,58900,523.71
2024-08-13 07:12:37,BTCUSD_PERP,bid,58900,523.44
2024-08-13 07:12:45,BTCUSD_PERP,bid,58900,523.14
2024-08-13 07:13:57,BTCUSD_PERP,bid,58800,754.21
2024-08-13 07:13:57,BTCUSD_PERP,bid,58800,812.46
2024-08-13 07:14:14,BTCUSD_PERP,bid,58800,754.8
2024-08-13 07:14:14,BTCUSD_PERP,bid,58800,638.3
2024-08-13 07:14:15,BTCUSD_PERP,bid,58800,521.8
2024-08-13 07:14:15,BTCUSD_PERP,bid,58800,581.1
2024-08-13 07:14:52,BTCUSD_PERP,bid,58800,522.81
2024-08-13 07:14:52,BTCUSD_PERP,bid,58900,590.54
2024-08-13 07:14:53,BTCUSD_PERP,bid,58900,648.86
2024-08-13 07:14:53,BTCUSD_PERP,bid,58900,707.18
2024-08-13 07:15:16,BTCUSD_PERP,bid,58800,754.67
2024-08-13 07:15:16,BTCUSD_PERP,bid,58800,812.96
2024-08-13 07:15:33,BTCUSD_PERP,bid,58800,638.79
2024-08-13 07:15:34,BTCUSD_PERP,bid,58800,523.41
2024-08-13 07:15:34,BTCUSD_PERP,bid,58900,533.51
2024-08-13 07:16:16,BTCUSD_PERP,bid,58900,640.19
2024-08-13 07:16:34,BTCUSD_PERP,bid,58900,580.93
2024-08-13 07:18:21,BTCUSD_PERP,bid,58900,522.6
2024-08-13 07:18:22,BTCUSD_PERP,bid,58800,696.0
2024-08-13 07:18:22,BTCUSD_PERP,bid,58800,754.3
2024-08-13 07:20:46,BTCUSD_PERP,bid,58800,522.2
2024-08-13 07:20:46,BTCUSD_PERP,bid,58800,580.5
2024-08-13 07:21:09,BTCUSD_PERP,bid,58800,522.8
2024-08-13 07:21:54,BTCUSD_PERP,bid,58800,580.53
2024-08-13 07:22:29,BTCUSD_PERP,bid,58800,522.03
2024-08-13 07:23:27,BTCUSD_PERP,bid,58900,580.64
2024-08-13 07:23:27,BTCUSD_PERP,bid,58900,638.95
2024-08-13 07:23:38,BTCUSD_PERP,bid,58900,638.7
2024-08-13 07:23:38,BTCUSD_PERP,bid,58900,697.04
2024-08-13 07:24:11,BTCUSD_PERP,bid,58900,872.0
2024-08-13 07:24:11,BTCUSD_PERP,bid,58900,930.38
2024-08-13 07:24:26,BTCUSD_PERP,bid,58900,814.22
2024-08-13 07:24:26,BTCUSD_PERP,bid,58900,755.84
2024-08-13 07:24:26,BTCUSD_PERP,bid,58900,697.46
2024-08-13 07:24:27,BTCUSD_PERP,bid,58900,522.92
2024-08-13 07:24:28,BTCUSD_PERP,bid,58900,519.47
2024-08-13 08:01:11,BTCUSD_PERP,bid,59400,528.07
2024-08-13 08:01:11,BTCUSD_PERP,bid,59400,586.29
2024-08-13 08:01:12,BTCUSD_PERP,bid,59400,645.11
2024-08-13 08:01:12,BTCUSD_PERP,bid,59400,703.33
2024-08-13 08:02:42,BTCUSD_PERP,bid,59400,586.97
2024-08-13 08:02:42,BTCUSD_PERP,bid,59400,645.78
2024-08-13 08:02:42,BTCUSD_PERP,bid,59400,704.59
2024-08-13 08:02:42,BTCUSD_PERP,bid,59400,763.4
2024-08-13 08:02:42,BTCUSD_PERP,bid,59400,821.62
2024-08-13 08:02:43,BTCUSD_PERP,bid,59400,879.84
2024-08-13 08:02:43,BTCUSD_PERP,bid,59400,938.06
2024-08-13 08:02:43,BTCUSD_PERP,bid,59400,996.28
2024-08-13 08:02:43,BTCUSD_PERP,bid,59400,1113.81
2024-08-13 08:03:06,BTCUSD_PERP,bid,59400,996.78
2024-08-13 08:03:06,BTCUSD_PERP,bid,59400,937.97
2024-08-13 08:03:06,BTCUSD_PERP,bid,59400,879.75
2024-08-13 08:03:24,BTCUSD_PERP,bid,59400,528.75
2024-08-13 08:03:25,BTCUSD_PERP,bid,59400,586.97
2024-08-13 08:03:25,BTCUSD_PERP,bid,59400,704.59
2024-08-13 08:03:25,BTCUSD_PERP,bid,59400,762.81
2024-08-13 08:03:25,BTCUSD_PERP,bid,59400,821.62
2024-08-13 08:03:25,BTCUSD_PERP,bid,59400,996.87
2024-08-13 08:03:25,BTCUSD_PERP,bid,59400,1055.09
2024-08-13 08:03:26,BTCUSD_PERP,bid,59400,1113.81
2024-08-13 08:04:11,BTCUSD_PERP,bid,59400,1112.57
2024-08-13 08:04:21,BTCUSD_PERP,bid,59400,1053.85
2024-08-13 08:04:21,BTCUSD_PERP,bid,59400,995.63
2024-08-13 08:04:22,BTCUSD_PERP,bid,59400,937.41
2024-08-13 08:05:15,BTCUSD_PERP,ask,60400,505.13
2024-08-13 08:05:28,BTCUSD_PERP,ask,60400,499.15
2024-08-13 08:07:32,BTCUSD_PERP,bid,58900,523.64
2024-08-13 08:12:02,BTCUSD_PERP,bid,58900,509.83
2024-08-13 08:12:02,BTCUSD_PERP,bid,58900,568.18
2024-08-13 08:12:10,BTCUSD_PERP,bid,58900,510.37
2024-08-13 08:12:55,BTCUSD_PERP,bid,58900,509.85
2024-08-13 08:42:57,BTCUSD_PERP,ask,60300,503.82
2024-08-13 08:42:57,BTCUSD_PERP,ask,60300,513.47
2024-08-13 08:43:25,BTCUSD_PERP,ask,60300,507.44
2024-08-13 08:59:50,BTCUSD_PERP,ask,60400,502.78
2024-08-13 08:59:50,BTCUSD_PERP,ask,60400,512.43
2024-08-13 08:59:51,BTCUSD_PERP,ask,60400,518.46
2024-08-13 08:59:53,BTCUSD_PERP,ask,60400,528.11
2024-08-13 08:59:58,BTCUSD_PERP,ask,60400,537.76
2024-08-13 09:00:00,BTCUSD_PERP,ask,60400,518.03
2024-08-13 09:00:01,BTCUSD_PERP,ask,60400,537.94
2024-08-13 09:00:02,BTCUSD_PERP,ask,60400,547.29
2024-08-13 09:00:06,BTCUSD_PERP,ask,60400,537.64
2024-08-13 09:00:40,BTCUSD_PERP,ask,60400,528.04
2024-08-13 09:00:45,BTCUSD_PERP,ask,60400,518.39
2024-08-13 09:00:46,BTCUSD_PERP,ask,60400,498.48
2024-08-13 14:05:48,BTCUSD_PERP,bid,58800,579.25
2024-08-13 14:05:48,BTCUSD_PERP,bid,58800,637.53
2024-08-13 14:05:48,BTCUSD_PERP,bid,58800,647.33
2024-08-13 14:07:10,BTCUSD_PERP,bid,58800,521.75
2024-08-13 14:08:44,BTCUSD_PERP,bid,58800,579.7
2024-08-13 14:09:08,BTCUSD_PERP,bid,58800,521.42
2024-08-13 14:09:09,BTCUSD_PERP,bid,58800,521.16
2024-08-13 14:09:09,BTCUSD_PERP,bid,58800,579.4
2024-08-13 14:10:14,BTCUSD_PERP,bid,42000,1083.75
2024-08-13 14:11:10,BTCUSD_PERP,bid,58800,579.36
2024-08-13 14:14:02,BTCUSD_PERP,bid,58800,521.71
2024-08-13 14:14:05,BTCUSD_PERP,bid,58800,753.34
2024-08-13 14:14:05,BTCUSD_PERP,bid,58800,566.55
2024-08-13 14:14:13,BTCUSD_PERP,bid,58800,753.38
2024-08-13 14:14:37,BTCUSD_PERP,bid,58800,695.1
2024-08-13 14:14:48,BTCUSD_PERP,bid,58800,636.82
2024-08-13 14:14:49,BTCUSD_PERP,bid,58800,521.46
2024-08-13 14:14:50,BTCUSD_PERP,bid,58900,521.16
2024-08-13 14:14:50,BTCUSD_PERP,bid,58900,695.5
2024-08-13 14:15:41,BTCUSD_PERP,bid,58900,532.42
2024-08-13 14:16:22,BTCUSD_PERP,bid,58800,523.43
2024-08-13 14:16:49,BTCUSD_PERP,bid,58900,523.16
2024-08-13 14:16:49,BTCUSD_PERP,bid,58900,581.5
2024-08-13 14:19:24,BTCUSD_PERP,bid,58900,523.76
2024-08-13 14:19:26,BTCUSD_PERP,bid,58900,523.49
2024-08-13 14:19:26,BTCUSD_PERP,bid,58900,581.2
2024-08-13 14:19:26,BTCUSD_PERP,bid,58900,639.51
2024-08-13 14:19:26,BTCUSD_PERP,bid,58900,755.53
2024-08-13 14:19:26,BTCUSD_PERP,bid,58900,813.24
2024-08-13 14:20:32,BTCUSD_PERP,bid,58900,755.53
2024-08-13 14:20:34,BTCUSD_PERP,bid,58900,697.58
2024-08-13 14:21:50,BTCUSD_PERP,bid,58900,639.84
2024-08-13 14:21:51,BTCUSD_PERP,bid,58900,523.16
2024-08-13 14:21:52,BTCUSD_PERP,bid,58900,640.88
2024-08-13 14:21:52,BTCUSD_PERP,bid,58900,698.66
2024-08-13 14:22:14,BTCUSD_PERP,bid,58900,698.3
2024-08-13 14:23:00,BTCUSD_PERP,bid,58900,582.2
2024-08-13 14:23:01,BTCUSD_PERP,bid,58900,523.85
2024-08-13 14:23:01,BTCUSD_PERP,bid,58900,522.94
2024-08-13 14:23:02,BTCUSD_PERP,bid,58900,581.25
2024-08-13 14:23:02,BTCUSD_PERP,bid,58900,697.87
2024-08-13 14:23:47,BTCUSD_PERP,bid,58900,639.56
2024-08-13 14:23:47,BTCUSD_PERP,bid,58900,581.25
2024-08-13 14:23:47,BTCUSD_PERP,bid,58900,522.94
2024-08-13 14:23:48,BTCUSD_PERP,bid,58800,764.99
2024-08-13 14:24:05,BTCUSD_PERP,bid,58800,707.3
2024-08-13 14:24:05,BTCUSD_PERP,bid,58800,590.74
2024-08-13 14:24:06,BTCUSD_PERP,bid,58800,522.39
2024-08-13 14:24:06,BTCUSD_PERP,bid,58800,754.8
2024-08-13 14:24:36,BTCUSD_PERP,bid,58800,639.48
2024-08-13 14:24:36,BTCUSD_PERP,bid,58800,581.23
2024-08-13 14:24:37,BTCUSD_PERP,bid,58800,648.35
2024-08-13 14:24:37,BTCUSD_PERP,bid,58800,764.2
2024-08-13 14:24:41,BTCUSD_PERP,bid,58700,811.62
2024-08-13 14:25:13,BTCUSD_PERP,bid,58700,647.32
2024-08-13 14:25:13,BTCUSD_PERP,bid,58700,1052.56
2024-08-13 14:25:13,BTCUSD_PERP,bid,58700,1110.72
2024-08-13 14:25:20,BTCUSD_PERP,bid,58700,936.83
2024-08-13 14:25:20,BTCUSD_PERP,bid,58700,752.59
2024-08-13 14:25:20,BTCUSD_PERP,bid,58700,868.25
2024-08-13 14:25:20,BTCUSD_PERP,bid,58700,926.38
2024-08-13 14:25:56,BTCUSD_PERP,bid,58700,868.85
2024-08-13 14:25:56,BTCUSD_PERP,bid,58700,811.32
2024-08-13 14:25:56,BTCUSD_PERP,bid,58700,753.19
2024-08-13 14:25:56,BTCUSD_PERP,bid,58700,637.53
2024-08-13 14:25:56,BTCUSD_PERP,bid,58700,579.4
2024-08-13 14:25:56,BTCUSD_PERP,bid,58700,521.27
2024-08-13 14:25:57,BTCUSD_PERP,bid,58600,530.3
2024-08-13 14:25:57,BTCUSD_PERP,bid,58600,588.4
2024-08-13 14:25:57,BTCUSD_PERP,bid,58600,645.91
2024-08-13 14:25:57,BTCUSD_PERP,bid,58600,704.01
2024-08-13 14:25:57,BTCUSD_PERP,bid,58600,819.52
2024-08-13 14:25:57,BTCUSD_PERP,bid,58600,877.03
2024-08-13 14:25:57,BTCUSD_PERP,bid,58600,993.23
2024-08-13 14:25:57,BTCUSD_PERP,bid,58600,516.99
2024-08-13 14:25:57,BTCUSD_PERP,bid,58600,574.59
2024-08-13 14:25:57,BTCUSD_PERP,bid,58600,994.45
2024-08-13 14:26:13,BTCUSD_PERP,bid,58600,516.55
2024-08-13 14:26:13,BTCUSD_PERP,bid,58600,936.35
2024-08-13 14:26:14,BTCUSD_PERP,bid,58600,763.33
2024-08-13 14:26:14,BTCUSD_PERP,bid,58600,705.23
2024-08-13 14:26:14,BTCUSD_PERP,bid,58600,647.72
2024-08-13 14:26:14,BTCUSD_PERP,bid,58600,531.52
2024-08-13 14:26:15,BTCUSD_PERP,bid,58700,520.12
2024-08-13 14:26:15,BTCUSD_PERP,bid,58700,635.19
2024-08-13 14:26:15,BTCUSD_PERP,bid,58700,693.32
2024-08-13 14:26:15,BTCUSD_PERP,bid,58700,751.45
2024-08-13 14:26:15,BTCUSD_PERP,bid,58700,867.71
2024-08-13 14:26:16,BTCUSD_PERP,bid,58700,925.84
2024-08-13 14:26:42,BTCUSD_PERP,bid,58700,867.81
2024-08-13 14:26:42,BTCUSD_PERP,bid,58700,810.27
2024-08-13 14:26:42,BTCUSD_PERP,bid,58700,752.73
2024-08-13 14:26:42,BTCUSD_PERP,bid,58700,695.19
2024-08-13 14:26:42,BTCUSD_PERP,bid,58600,693.71
2024-08-13 14:26:42,BTCUSD_PERP,bid,58600,751.8
2024-08-13 14:26:42,BTCUSD_PERP,bid,58600,809.89
2024-08-13 14:26:49,BTCUSD_PERP,bid,58600,693.71
2024-08-13 14:26:50,BTCUSD_PERP,bid,58600,519.5
2024-08-13 14:26:50,BTCUSD_PERP,bid,58600,577.56
2024-08-13 14:30:14,BTCUSD_PERP,bid,58500,520.9
2024-08-13 14:30:15,BTCUSD_PERP,bid,58500,578.91
2024-08-13 14:32:26,BTCUSD_PERP,bid,58600,520.35
2024-08-13 14:32:33,BTCUSD_PERP,bid,58600,520.39
2024-08-13 14:33:17,BTCUSD_PERP,bid,47000,2452.71
2024-08-13 14:34:13,BTCUSD_PERP,bid,58600,520.08
2024-08-13 14:34:21,BTCUSD_PERP,bid,58600,520.35
2024-08-13 14:35:02,BTCUSD_PERP,bid,58600,520.62
2024-08-13 14:35:20,BTCUSD_PERP,bid,58700,521.77
2024-08-13 14:35:29,BTCUSD_PERP,bid,58600,530.3
2024-08-13 14:35:29,BTCUSD_PERP,bid,58600,530.34
2024-08-13 14:47:31,BTCUSD_PERP,bid,58800,812.16
2024-08-13 14:47:31,BTCUSD_PERP,bid,58800,870.39
2024-08-13 14:50:37,BTCUSD_PERP,bid,58700,754.15
2024-08-13 14:50:37,BTCUSD_PERP,bid,58700,812.35
2024-08-13 14:51:39,BTCUSD_PERP,bid,58700,753.74
2024-08-13 14:51:39,BTCUSD_PERP,bid,58700,811.91
2024-08-13 14:54:13,BTCUSD_PERP,bid,58700,753.74
2024-08-13 14:54:13,BTCUSD_PERP,bid,58700,695.21
2024-08-13 14:54:14,BTCUSD_PERP,bid,58700,753.35
2024-08-13 14:56:10,BTCUSD_PERP,bid,58700,695.31
2024-08-13 14:56:10,BTCUSD_PERP,bid,58700,579.63
2024-08-13 14:56:11,BTCUSD_PERP,bid,58600,714.38
2024-08-13 14:56:11,BTCUSD_PERP,bid,58600,772.48
2024-08-13 14:56:12,BTCUSD_PERP,bid,58600,762.71
2024-08-13 14:58:00,BTCUSD_PERP,bid,58600,589.0
2024-08-13 14:58:00,BTCUSD_PERP,bid,58600,530.9
2024-08-13 14:58:02,BTCUSD_PERP,bid,58700,521.49
2024-08-13 14:58:02,BTCUSD_PERP,bid,58700,579.63
2024-08-13 14:58:02,BTCUSD_PERP,bid,58700,637.18
2024-08-13 15:00:37,BTCUSD_PERP,bid,58700,520.9
2024-08-13 15:00:38,BTCUSD_PERP,bid,58700,637.34
2024-08-13 15:00:38,BTCUSD_PERP,bid,58700,752.97
2024-08-13 15:00:39,BTCUSD_PERP,bid,58700,810.48
2024-08-13 15:00:39,BTCUSD_PERP,bid,58700,926.7
2024-08-13 15:00:52,BTCUSD_PERP,bid,58700,869.06
2024-08-13 15:00:52,BTCUSD_PERP,bid,58700,927.2
2024-08-13 15:01:25,BTCUSD_PERP,bid,58700,812.1
2024-08-13 15:01:26,BTCUSD_PERP,bid,58700,753.96
2024-08-13 15:01:26,BTCUSD_PERP,bid,58700,695.82
2024-08-13 15:01:26,BTCUSD_PERP,bid,58700,638.27
2024-08-13 15:01:26,BTCUSD_PERP,bid,58700,694.87
2024-08-13 15:01:26,BTCUSD_PERP,bid,58700,868.61
2024-08-13 15:01:26,BTCUSD_PERP,bid,58700,926.72
2024-08-13 15:04:27,BTCUSD_PERP,bid,58600,635.92
2024-08-13 15:04:27,BTCUSD_PERP,bid,58600,694.0
2024-08-13 15:04:48,BTCUSD_PERP,bid,58600,635.92
2024-08-13 15:04:48,BTCUSD_PERP,bid,58700,580.0
2024-08-13 15:04:48,BTCUSD_PERP,bid,58700,696.14
2024-08-13 15:05:32,BTCUSD_PERP,bid,58700,580.5
2024-08-13 15:06:43,BTCUSD_PERP,bid,58600,925.65
2024-08-13 15:06:43,BTCUSD_PERP,bid,58600,983.73
2024-08-13 15:07:38,BTCUSD_PERP,bid,58600,867.12
2024-08-13 15:07:38,BTCUSD_PERP,bid,58600,925.17
2024-08-13 15:08:19,BTCUSD_PERP,bid,58600,867.21
2024-08-13 15:08:20,BTCUSD_PERP,bid,58600,808.74
2024-08-13 15:08:20,BTCUSD_PERP,bid,58600,866.76
2024-08-13 15:09:06,BTCUSD_PERP,bid,58600,809.33
2024-08-13 15:09:06,BTCUSD_PERP,bid,58600,751.31
2024-08-13 15:09:06,BTCUSD_PERP,bid,58600,635.27
2024-08-13 15:09:06,BTCUSD_PERP,bid,58600,577.84
2024-08-13 15:09:06,BTCUSD_PERP,bid,58600,519.82
2024-08-13 15:09:07,BTCUSD_PERP,bid,58600,577.46
2024-08-13 15:09:07,BTCUSD_PERP,bid,58600,693.56
2024-08-13 15:09:07,BTCUSD_PERP,bid,58600,751.61
2024-08-13 15:09:08,BTCUSD_PERP,bid,58600,867.71
2024-08-13 15:09:08,BTCUSD_PERP,bid,58600,925.17
2024-08-13 15:10:34,BTCUSD_PERP,bid,58600,520.44
2024-08-13 15:10:35,BTCUSD_PERP,bid,58600,577.94
2024-08-13 15:11:06,BTCUSD_PERP,bid,58600,520.44
2024-08-13 15:11:06,BTCUSD_PERP,bid,58700,868.15
2024-08-13 15:11:06,BTCUSD_PERP,bid,58700,926.27
2024-08-13 15:11:06,BTCUSD_PERP,bid,58700,984.39
2024-08-13 15:11:14,BTCUSD_PERP,bid,58700,636.86
2024-08-13 15:11:14,BTCUSD_PERP,bid,58600,578.44
2024-08-13 15:11:14,BTCUSD_PERP,bid,58600,636.53
2024-08-13 15:13:46,BTCUSD_PERP,bid,58600,521.53
2024-08-13 15:13:47,BTCUSD_PERP,bid,58700,578.73
2024-08-13 15:13:47,BTCUSD_PERP,bid,58700,636.85
2024-08-13 15:13:47,BTCUSD_PERP,bid,58700,752.5
2024-08-13 15:13:47,BTCUSD_PERP,bid,58700,810.62
2024-08-13 15:13:47,BTCUSD_PERP,bid,58700,868.74
2024-08-13 15:13:47,BTCUSD_PERP,bid,58700,984.39
2024-08-13 15:14:13,BTCUSD_PERP,bid,58700,868.74
2024-08-13 15:14:13,BTCUSD_PERP,bid,58700,810.62
2024-08-13 15:14:13,BTCUSD_PERP,bid,58700,753.09
2024-08-13 15:14:13,BTCUSD_PERP,bid,58700,636.85
2024-08-13 15:14:14,BTCUSD_PERP,bid,58700,579.32
2024-08-13 15:14:14,BTCUSD_PERP,bid,58700,520.99
2024-08-13 15:14:14,BTCUSD_PERP,bid,58700,579.14
2024-08-13 15:14:15,BTCUSD_PERP,bid,58700,752.91
2024-08-13 15:14:15,BTCUSD_PERP,bid,58700,811.06
2024-08-13 15:14:15,BTCUSD_PERP,bid,58700,869.21
2024-08-13 15:14:15,BTCUSD_PERP,bid,58700,870.44
2024-08-13 15:14:58,BTCUSD_PERP,bid,58700,696.58
2024-08-13 15:14:58,BTCUSD_PERP,bid,58700,638.43
2024-08-13 15:14:58,BTCUSD_PERP,bid,58700,580.28
2024-08-13 15:14:59,BTCUSD_PERP,bid,58700,522.72
2024-08-13 15:14:59,BTCUSD_PERP,bid,58700,521.26
2024-08-13 15:14:59,BTCUSD_PERP,bid,58700,579.44
2024-08-13 15:15:00,BTCUSD_PERP,bid,58700,695.71
2024-08-13 15:15:58,BTCUSD_PERP,bid,58700,579.94
2024-08-13 15:15:58,BTCUSD_PERP,bid,58700,521.76
2024-08-13 15:15:59,BTCUSD_PERP,bid,58800,521.53
2024-08-13 15:20:00,BTCUSD_PERP,bid,58700,927.23
2024-08-13 15:20:00,BTCUSD_PERP,bid,58700,985.41
2024-08-13 15:20:07,BTCUSD_PERP,bid,58700,520.89
2024-08-13 15:20:17,BTCUSD_PERP,bid,58700,530.36
2024-08-13 15:20:17,BTCUSD_PERP,bid,58700,588.47
2024-08-13 15:20:28,BTCUSD_PERP,bid,58700,530.36
2024-08-13 15:25:31,BTCUSD_PERP,bid,58500,529.07
2024-08-13 15:26:09,BTCUSD_PERP,bid,58600,520.5
2024-08-13 15:26:29,BTCUSD_PERP,bid,58500,519.1
2024-08-13 15:32:05,BTCUSD_PERP,bid,58500,519.45
2024-08-13 15:33:27,BTCUSD_PERP,bid,58500,519.0
2024-08-13 15:33:37,BTCUSD_PERP,bid,58400,519.32
2024-08-13 15:33:37,BTCUSD_PERP,bid,58400,865.44
2024-08-13 15:33:37,BTCUSD_PERP,bid,58400,923.34
2024-08-13 15:34:35,BTCUSD_PERP,bid,58500,807.48
2024-08-13 15:34:35,BTCUSD_PERP,bid,58500,923.24
2024-08-13 15:34:35,BTCUSD_PERP,bid,58500,1038.51
2024-08-13 15:34:39,BTCUSD_PERP,bid,58500,1038.55
2024-08-13 15:36:04,BTCUSD_PERP,bid,58500,981.21
2024-08-13 15:36:04,BTCUSD_PERP,bid,58500,865.94
2024-08-13 15:36:05,BTCUSD_PERP,bid,58500,808.01
2024-08-13 15:36:05,BTCUSD_PERP,bid,58500,576.98
2024-08-13 15:36:06,BTCUSD_PERP,bid,58500,520.37
2024-08-13 15:36:06,BTCUSD_PERP,bid,58500,693.07
2024-08-13 15:36:06,BTCUSD_PERP,bid,58500,750.44
2024-08-13 15:36:47,BTCUSD_PERP,bid,58500,692.48
2024-08-13 15:36:47,BTCUSD_PERP,bid,58500,634.61
2024-08-13 15:36:48,BTCUSD_PERP,bid,58500,576.65
2024-08-13 15:36:48,BTCUSD_PERP,bid,58500,518.69
2024-08-13 15:36:48,BTCUSD_PERP,bid,58500,520.64
2024-08-13 15:36:48,BTCUSD_PERP,bid,58500,694.02
2024-08-13 15:36:49,BTCUSD_PERP,bid,58500,751.42
2024-08-13 15:36:49,BTCUSD_PERP,bid,58500,809.41
2024-08-13 15:36:49,BTCUSD_PERP,bid,58500,924.8
2024-08-13 15:36:54,BTCUSD_PERP,bid,58500,982.2
2024-08-13 15:37:28,BTCUSD_PERP,bid,58500,866.81
2024-08-13 15:37:29,BTCUSD_PERP,bid,58500,808.82
2024-08-13 15:37:29,BTCUSD_PERP,bid,58500,750.83
2024-08-13 15:37:29,BTCUSD_PERP,bid,58500,634.85
2024-08-13 15:37:29,BTCUSD_PERP,bid,58500,576.86
2024-08-13 15:37:29,BTCUSD_PERP,bid,58500,521.05
2024-08-13 15:37:29,BTCUSD_PERP,bid,58500,578.42
2024-08-13 15:37:30,BTCUSD_PERP,bid,58500,635.79
2024-08-13 15:37:30,BTCUSD_PERP,bid,58500,693.16
2024-08-13 15:37:30,BTCUSD_PERP,bid,58500,751.12
2024-08-13 15:37:30,BTCUSD_PERP,bid,58500,866.45
2024-08-13 15:37:30,BTCUSD_PERP,bid,58500,924.32
2024-08-13 15:39:07,BTCUSD_PERP,bid,58500,808.4
2024-08-13 15:39:08,BTCUSD_PERP,bid,58500,577.54
2024-08-13 15:40:15,BTCUSD_PERP,bid,58600,520.58
2024-08-13 15:43:10,BTCUSD_PERP,bid,58500,751.55
2024-08-13 15:43:10,BTCUSD_PERP,bid,58500,809.55
2024-08-13 15:45:09,BTCUSD_PERP,bid,58500,751.16
2024-08-13 15:45:09,BTCUSD_PERP,bid,58500,809.13
2024-08-13 15:45:55,BTCUSD_PERP,bid,58500,808.37
2024-08-13 15:45:55,BTCUSD_PERP,bid,58500,981.78
2024-08-13 15:45:56,BTCUSD_PERP,bid,58500,1039.78
2024-08-13 15:46:36,BTCUSD_PERP,bid,58500,867.55
2024-08-13 15:46:36,BTCUSD_PERP,bid,58500,865.33
2024-08-13 15:46:37,BTCUSD_PERP,bid,58500,981.27
2024-08-13 15:46:37,BTCUSD_PERP,bid,58500,1039.24
2024-08-13 15:47:13,BTCUSD_PERP,bid,58500,923.89
2024-08-13 15:47:14,BTCUSD_PERP,bid,58500,980.76
2024-08-13 15:47:14,BTCUSD_PERP,bid,58500,1038.7
2024-08-13 15:48:56,BTCUSD_PERP,bid,58500,923.5
2024-08-13 15:48:56,BTCUSD_PERP,bid,58500,866.15
2024-08-13 15:48:56,BTCUSD_PERP,bid,58500,808.21
2024-08-13 15:48:56,BTCUSD_PERP,bid,58500,750.86
2024-08-13 15:48:57,BTCUSD_PERP,bid,58500,692.92
2024-08-13 15:48:57,BTCUSD_PERP,bid,58500,635.57
2024-08-13 15:48:57,BTCUSD_PERP,bid,58500,577.63
2024-08-13 15:48:57,BTCUSD_PERP,bid,58500,519.69
2024-08-13 15:48:57,BTCUSD_PERP,bid,58500,519.28
2024-08-13 15:48:57,BTCUSD_PERP,bid,58500,692.6
2024-08-13 15:48:57,BTCUSD_PERP,bid,58500,749.98
2024-08-13 15:48:57,BTCUSD_PERP,bid,58500,807.36
2024-08-13 15:48:57,BTCUSD_PERP,bid,58500,981.27
2024-08-13 15:48:58,BTCUSD_PERP,bid,58500,1039.24
2024-08-13 15:49:38,BTCUSD_PERP,bid,58500,981.86
2024-08-13 15:49:38,BTCUSD_PERP,bid,58500,923.89
2024-08-13 15:49:39,BTCUSD_PERP,bid,58500,865.92
2024-08-13 15:49:39,BTCUSD_PERP,bid,58500,750.07
2024-08-13 15:49:39,BTCUSD_PERP,bid,58500,692.69
2024-08-13 15:49:39,BTCUSD_PERP,bid,58500,635.31
2024-08-13 15:49:39,BTCUSD_PERP,bid,58500,577.34
2024-08-13 15:49:39,BTCUSD_PERP,bid,58500,576.96
2024-08-13 15:49:40,BTCUSD_PERP,bid,58500,980.77
2024-08-13 15:49:40,BTCUSD_PERP,bid,58500,1038.71
2024-08-13 15:50:49,BTCUSD_PERP,bid,58400,749.19
2024-08-13 15:51:03,BTCUSD_PERP,bid,58400,691.87
2024-08-13 15:51:03,BTCUSD_PERP,bid,58400,576.05
2024-08-13 15:51:03,BTCUSD_PERP,bid,58400,576.34
2024-08-13 15:51:04,BTCUSD_PERP,bid,58400,691.51
2024-08-13 15:53:43,BTCUSD_PERP,bid,58400,634.22
2024-08-13 15:53:43,BTCUSD_PERP,bid,58400,576.34
2024-08-13 15:53:44,BTCUSD_PERP,bid,58500,519.42
2024-08-13 15:53:44,BTCUSD_PERP,bid,58500,577.33
2024-08-13 15:53:44,BTCUSD_PERP,bid,58500,635.24
2024-08-13 15:53:44,BTCUSD_PERP,bid,58500,751.06
2024-08-13 15:53:45,BTCUSD_PERP,bid,58500,865.7
2024-08-13 15:53:45,BTCUSD_PERP,bid,58500,923.52
2024-08-13 15:53:45,BTCUSD_PERP,bid,58500,980.84
2024-08-13 15:55:04,BTCUSD_PERP,bid,58500,923.52
2024-08-13 15:55:04,BTCUSD_PERP,bid,58500,808.88
2024-08-13 15:55:04,BTCUSD_PERP,bid,58500,693.65
2024-08-13 15:55:05,BTCUSD_PERP,bid,58500,635.74
2024-08-13 15:55:05,BTCUSD_PERP,bid,58500,577.83
2024-08-13 15:55:05,BTCUSD_PERP,bid,58500,520.51
2024-08-13 15:55:05,BTCUSD_PERP,bid,58500,517.92
2024-08-13 15:58:25,BTCUSD_PERP,bid,58500,520.04
2024-08-13 15:58:25,BTCUSD_PERP,bid,58500,636.0
2024-08-13 15:58:25,BTCUSD_PERP,bid,58500,693.39
2024-08-13 15:58:25,BTCUSD_PERP,bid,58500,751.37
2024-08-13 15:58:26,BTCUSD_PERP,bid,58500,867.23
2024-08-13 15:58:26,BTCUSD_PERP,bid,58500,924.62
2024-08-13 15:58:26,BTCUSD_PERP,bid,58500,982.01
2024-08-13 15:58:55,BTCUSD_PERP,bid,58500,924.03
2024-08-13 15:58:55,BTCUSD_PERP,bid,58500,808.66
2024-08-13 15:58:55,BTCUSD_PERP,bid,58500,750.68
2024-08-13 15:58:55,BTCUSD_PERP,bid,58500,634.72
2024-08-13 15:58:55,BTCUSD_PERP,bid,58500,518.76
2024-08-13 15:58:57,BTCUSD_PERP,bid,58600,519.06
2024-08-13 15:58:57,BTCUSD_PERP,bid,58600,634.49
2024-08-13 15:58:57,BTCUSD_PERP,bid,58600,691.91
2024-08-13 15:58:57,BTCUSD_PERP,bid,58500,516.29
2024-08-13 16:00:36,BTCUSD_PERP,bid,58600,633.99
2024-08-13 16:00:37,BTCUSD_PERP,bid,58500,807.52
2024-08-13 16:00:37,BTCUSD_PERP,bid,58500,865.5
2024-08-13 16:01:24,BTCUSD_PERP,bid,58500,807.52
2024-08-13 16:01:24,BTCUSD_PERP,bid,58500,749.54
2024-08-13 16:01:24,BTCUSD_PERP,bid,58500,634.78
2024-08-13 16:01:25,BTCUSD_PERP,bid,58500,576.8
2024-08-13 16:01:25,BTCUSD_PERP,bid,58500,518.82
2024-08-13 16:01:25,BTCUSD_PERP,bid,58500,519.78
2024-08-13 16:03:40,BTCUSD_PERP,bid,58500,519.52
2024-08-13 16:03:41,BTCUSD_PERP,bid,58500,635.36
2024-08-13 16:03:41,BTCUSD_PERP,bid,58500,692.69
2024-08-13 16:03:41,BTCUSD_PERP,bid,58500,750.02
2024-08-13 16:03:41,BTCUSD_PERP,bid,58400,519.66
2024-08-13 16:03:41,BTCUSD_PERP,bid,58400,563.05
2024-08-13 16:03:41,BTCUSD_PERP,bid,58500,807.84
2024-08-13 16:03:41,BTCUSD_PERP,bid,58500,865.17
2024-08-13 16:03:42,BTCUSD_PERP,bid,58500,980.42
2024-08-13 16:04:20,BTCUSD_PERP,bid,58400,634.21
2024-08-13 16:04:21,BTCUSD_PERP,bid,58400,692.08
2024-08-13 16:04:29,BTCUSD_PERP,bid,58400,633.88
2024-08-13 16:04:29,BTCUSD_PERP,bid,58400,691.72
2024-08-13 16:04:49,BTCUSD_PERP,bid,58400,576.34
2024-08-13 16:04:49,BTCUSD_PERP,bid,58400,634.21
2024-08-13 16:05:32,BTCUSD_PERP,bid,58400,634.05
2024-08-13 16:05:32,BTCUSD_PERP,bid,58400,691.96
2024-08-13 16:06:39,BTCUSD_PERP,bid,58400,634.65
2024-08-13 16:06:39,BTCUSD_PERP,bid,58400,520.01
2024-08-13 16:06:41,BTCUSD_PERP,bid,58400,519.65
2024-08-13 16:06:55,BTCUSD_PERP,bid,58400,519.94
2024-08-13 16:07:10,BTCUSD_PERP,bid,58400,633.62
2024-08-13 16:07:10,BTCUSD_PERP,bid,58400,691.49
2024-08-13 16:07:39,BTCUSD_PERP,bid,58400,633.62
2024-08-13 16:07:40,BTCUSD_PERP,bid,58400,575.75
2024-08-13 16:07:40,BTCUSD_PERP,bid,58400,518.47
2024-08-13 16:07:40,BTCUSD_PERP,bid,58400,576.79
2024-08-13 16:07:40,BTCUSD_PERP,bid,58400,634.62
2024-08-13 16:08:10,BTCUSD_PERP,bid,58300,538.57
2024-08-13 16:08:10,BTCUSD_PERP,bid,58300,596.37
2024-08-13 16:08:47,BTCUSD_PERP,bid,58300,538.57
