2024-09-12 17:50:36,SOLUSDT,bid,128,9790.0
2024-09-12 17:51:19,SOLUSDT,bid,132,18956.0
2024-09-12 17:51:31,SOLUSDT,bid,128,9840.0
2024-09-12 17:51:42,SOLUSDT,bid,132,18947.0
2024-09-12 17:51:42,SOLUSDT,bid,131,8115.0
2024-09-12 17:51:45,SOLUSDT,bid,115,13085.0
2024-09-12 17:52:00,SOLUSDT,bid,130,28621.0
2024-09-12 17:52:11,SOLUSDT,bid,128,9846.0
2024-09-12 17:52:31,SOLUSDT,bid,112,15190.0
2024-09-12 17:52:31,SOLUSDT,bid,128,9845.0
2024-09-12 17:52:45,SOLUSDT,bid,85,25470.0
2024-09-12 17:52:59,SOLUSDT,bid,130,28583.0
2024-09-12 17:53:03,SOLUSDT,bid,110,26621.0
2024-09-12 17:53:21,SOLUSDT,ask,137,11171.0
2024-09-12 17:53:28,SOLUSDT,ask,137,10821.0
2024-09-12 17:53:33,SOLUSDT,ask,190,42411.0
2024-09-12 17:53:41,SOLUSDT,ask,190,42417.0
2024-09-12 17:54:19,SOLUSDT,bid,128,9805.0
2024-09-12 17:54:22,SOLUSDT,bid,115,13056.0
2024-09-12 17:54:29,SOLUSDT,bid,130,28584.0
2024-09-12 17:54:40,SOLUSDT,ask,138,8685.0
2024-09-12 17:54:40,SOLUSDT,bid,91,56925.0
2024-09-12 17:55:22,SOLUSDT,bid,130,28585.0
2024-09-12 17:56:36,SOLUSDT,bid,131,8047.0
2024-09-12 17:58:10,SOLUSDT,bid,130,28603.0
2024-09-12 17:58:18,SOLUSDT,bid,123,8368.0
2024-09-12 17:58:18,SOLUSDT,bid,128,9804.0
2024-09-12 17:58:34,SOLUSDT,ask,144,36352.0
2024-09-12 18:00:28,SOLUSDT,bid,130,28585.0
2024-09-12 18:00:30,SOLUSDT,ask,138,8680.0
2024-09-12 18:00:33,SOLUSDT,bid,125,13440.0
2024-09-12 18:00:36,SOLUSDT,bid,130,10272.0
2024-09-12 18:00:36,SOLUSDT,bid,132,8362.0
2024-09-12 18:00:37,SOLUSDT,ask,138,10299.0
2024-09-12 18:00:55,SOLUSDT,ask,138,10286.0
2024-09-12 18:01:47,SOLUSDT,bid,122,16327.0
2024-09-12 18:02:01,SOLUSDT,bid,123,8385.0
2024-09-12 18:02:13,SOLUSDT,ask,138,8580.0
2024-09-12 18:02:19,SOLUSDT,bid,130,28586.0
2024-09-12 18:02:20,SOLUSDT,bid,130,28591.0
2024-09-12 18:02:25,SOLUSDT,bid,130,28592.0
2024-09-12 18:03:48,SOLUSDT,ask,137,10824.0
2024-09-12 18:04:12,SOLUSDT,bid,128,9824.0
2024-09-12 18:04:57,SOLUSDT,bid,130,28594.0
2024-09-12 18:05:09,SOLUSDT,bid,130,28579.0
2024-09-12 18:05:13,SOLUSDT,ask,145,20198.0
2024-09-12 18:05:13,SOLUSDT,bid,130,28575.0
2024-09-12 18:05:23,SOLUSDT,ask,145,20197.0
2024-09-12 18:05:24,SOLUSDT,bid,128,9817.0
2024-09-12 18:05:38,SOLUSDT,bid,132,18949.0
2024-09-12 18:05:39,SOLUSDT,bid,125,13439.0
2024-09-12 18:05:39,SOLUSDT,bid,130,28574.0
2024-09-12 18:05:39,SOLUSDT,ask,145,20196.0
2024-09-12 18:06:36,SOLUSDT,bid,130,28573.0
2024-09-12 18:06:37,SOLUSDT,bid,130,10300.0
2024-09-12 18:06:37,SOLUSDT,bid,133,8222.0
2024-09-12 18:06:38,SOLUSDT,ask,138,10265.0
2024-09-12 18:06:45,SOLUSDT,bid,132,18931.0
2024-09-12 18:07:00,SOLUSDT,bid,123,8368.0
2024-09-12 18:07:04,SOLUSDT,bid,128,9813.0
2024-09-12 18:07:14,SOLUSDT,ask,137,10827.0
2024-09-12 18:07:24,SOLUSDT,bid,130,28568.0
2024-09-12 18:07:30,SOLUSDT,bid,130,28572.0
2024-09-12 18:07:32,SOLUSDT,bid,128,9820.0
2024-09-12 18:07:35,SOLUSDT,bid,133,8256.0
2024-09-12 18:08:04,SOLUSDT,bid,130,28575.0
2024-09-12 18:08:19,SOLUSDT,bid,128,9818.0
2024-09-12 18:08:20,SOLUSDT,bid,130,28572.0
2024-09-12 18:08:22,SOLUSDT,bid,130,28570.0
2024-09-12 18:08:30,SOLUSDT,bid,130,28573.0
2024-09-12 18:08:33,SOLUSDT,bid,130,28577.0
2024-09-12 18:08:35,SOLUSDT,bid,133,8222.0
2024-09-12 18:09:24,SOLUSDT,ask,144,36349.0
2024-09-12 18:09:42,SOLUSDT,bid,130,28581.0
2024-09-12 18:09:49,SOLUSDT,bid,120,12947.0
2024-09-12 18:09:49,SOLUSDT,bid,130,28570.0
2024-09-12 18:10:36,SOLUSDT,bid,130,10264.0
2024-09-12 18:10:36,SOLUSDT,bid,133,8239.0
2024-09-12 18:10:36,SOLUSDT,ask,138,10264.0
2024-09-12 18:11:01,SOLUSDT,bid,132,18932.0
2024-09-12 18:11:14,SOLUSDT,bid,128,9820.0
2024-09-12 18:12:02,SOLUSDT,ask,137,10787.0
2024-09-12 18:12:18,SOLUSDT,ask,138,10333.0
2024-09-12 18:12:22,SOLUSDT,ask,137,10785.0
2024-09-12 18:12:25,SOLUSDT,ask,137,10788.0
2024-09-12 18:12:31,SOLUSDT,bid,120,12945.0
2024-09-12 18:12:46,SOLUSDT,ask,137,10786.0
2024-09-12 18:13:02,SOLUSDT,bid,128,9818.0
2024-09-12 18:13:28,SOLUSDT,bid,128,9819.0
2024-09-12 18:13:41,SOLUSDT,ask,144,36350.0
2024-09-12 18:13:57,SOLUSDT,bid,130,28581.0
2024-09-12 18:14:04,SOLUSDT,ask,144,36349.0
2024-09-12 18:14:43,SOLUSDT,bid,130,28582.0
2024-09-12 18:15:01,SOLUSDT,bid,132,18936.0
2024-09-12 18:15:37,SOLUSDT,ask,137,10785.0
2024-09-12 18:16:51,SOLUSDT,bid,130,28583.0
2024-09-12 18:17:18,SOLUSDT,ask,138,10264.0
2024-09-12 18:17:44,SOLUSDT,bid,130,28579.0
2024-09-12 18:17:45,SOLUSDT,bid,128,9814.0
2024-09-12 18:18:21,SOLUSDT,bid,128,9775.0
2024-09-12 18:18:22,SOLUSDT,bid,130,28556.0
2024-09-12 18:18:47,SOLUSDT,bid,130,28557.0
2024-09-12 18:19:02,SOLUSDT,bid,130,28558.0
2024-09-12 18:19:04,SOLUSDT,bid,120,12946.0
2024-09-12 18:19:17,SOLUSDT,bid,110,26622.0
2024-09-12 18:19:17,SOLUSDT,ask,146,16811.0
2024-09-12 18:19:56,SOLUSDT,bid,130,28559.0
2024-09-12 18:20:06,SOLUSDT,bid,130,28570.0
2024-09-12 18:20:13,SOLUSDT,ask,138,8570.0
2024-09-12 18:20:20,SOLUSDT,bid,130,28567.0
2024-09-12 18:20:33,SOLUSDT,bid,128,9774.0
2024-09-12 18:20:41,SOLUSDT,bid,130,28566.0
2024-09-12 18:21:49,SOLUSDT,ask,137,10748.0
2024-09-12 18:22:27,SOLUSDT,bid,130,10264.0
2024-09-12 18:22:27,SOLUSDT,bid,133,8358.0
2024-09-12 18:22:27,SOLUSDT,ask,138,10265.0
2024-09-12 18:22:28,SOLUSDT,ask,136,8213.0
2024-09-12 18:22:40,SOLUSDT,bid,110,26629.0
2024-09-12 18:22:49,SOLUSDT,bid,125,13448.0
2024-09-12 18:22:53,SOLUSDT,bid,128,9773.0
2024-09-12 18:23:11,SOLUSDT,bid,125,13450.0
2024-09-12 18:23:13,SOLUSDT,bid,123,8360.0
2024-09-12 18:23:28,SOLUSDT,bid,128,9774.0
2024-09-12 18:23:29,SOLUSDT,bid,128,9775.0
2024-09-12 18:23:34,SOLUSDT,bid,128,9774.0
2024-09-12 18:23:35,SOLUSDT,bid,128,9773.0
2024-09-12 18:23:51,SOLUSDT,bid,128,9772.0
2024-09-12 18:24:22,SOLUSDT,bid,130,28581.0
2024-09-12 18:24:28,SOLUSDT,bid,133,8330.0
2024-09-12 18:24:32,SOLUSDT,bid,130,28586.0
2024-09-12 18:25:08,SOLUSDT,bid,132,12301.0
2024-09-12 18:25:10,SOLUSDT,bid,115,13073.0
2024-09-12 18:25:14,SOLUSDT,bid,133,8347.0
2024-09-12 18:25:39,SOLUSDT,bid,128,9863.0
2024-09-12 18:26:24,SOLUSDT,ask,138,8579.0
2024-09-12 18:27:03,SOLUSDT,ask,137,10747.0
2024-09-12 18:27:18,SOLUSDT,ask,138,8570.0
2024-09-12 18:27:19,SOLUSDT,ask,137,10749.0
2024-09-12 18:27:21,SOLUSDT,ask,137,10747.0
2024-09-12 18:27:22,SOLUSDT,ask,137,10751.0
2024-09-12 18:27:24,SOLUSDT,ask,137,10750.0
2024-09-12 18:27:25,SOLUSDT,bid,112,15187.0
2024-09-12 18:27:38,SOLUSDT,bid,132,18973.0
2024-09-12 18:27:39,SOLUSDT,ask,137,10749.0
2024-09-12 18:28:17,SOLUSDT,ask,144,36387.0
2024-09-12 18:28:38,SOLUSDT,bid,130,28588.0
2024-09-12 18:28:46,SOLUSDT,bid,128,9866.0
2024-09-12 18:28:53,SOLUSDT,bid,122,16329.0
2024-09-12 18:29:13,SOLUSDT,bid,130,28593.0
2024-09-12 18:29:15,SOLUSDT,bid,125,13452.0
2024-09-12 18:29:19,SOLUSDT,bid,115,13076.0
2024-09-12 18:29:20,SOLUSDT,bid,130,28618.0
2024-09-12 18:29:24,SOLUSDT,ask,145,13967.0
2024-09-12 18:29:24,SOLUSDT,ask,145,13967.0
2024-09-12 18:29:31,SOLUSDT,bid,110,26632.0
2024-09-12 18:29:58,SOLUSDT,bid,90,59148.0
2024-09-12 18:30:00,SOLUSDT,bid,130,28628.0
2024-09-12 18:30:13,SOLUSDT,ask,145,13962.0
2024-09-12 18:30:16,SOLUSDT,bid,130,28629.0
2024-09-12 18:30:46,SOLUSDT,bid,132,18936.0
2024-09-12 18:31:01,SOLUSDT,bid,128,9867.0
2024-09-12 18:31:07,SOLUSDT,bid,128,9866.0
2024-09-12 18:31:08,SOLUSDT,ask,137,10774.0
2024-09-12 18:31:51,SOLUSDT,bid,130,28630.0
2024-09-12 18:31:51,SOLUSDT,ask,145,20196.0
2024-09-12 18:32:18,SOLUSDT,ask,137,10773.0
2024-09-12 18:33:05,SOLUSDT,bid,115,13067.0
2024-09-12 18:34:18,SOLUSDT,bid,130,28625.0
2024-09-12 18:34:59,SOLUSDT,ask,137,10772.0
2024-09-12 18:35:22,SOLUSDT,bid,130,28621.0
2024-09-12 18:35:22,SOLUSDT,ask,137,10768.0
2024-09-12 18:35:25,SOLUSDT,bid,125,13455.0
2024-09-12 18:35:37,SOLUSDT,ask,137,10773.0
2024-09-12 18:35:51,SOLUSDT,ask,138,8520.0
2024-09-12 18:36:04,SOLUSDT,bid,130,28620.0
2024-09-12 18:36:15,SOLUSDT,ask,137,10753.0
2024-09-12 18:36:48,SOLUSDT,ask,137,10754.0
2024-09-12 18:37:32,SOLUSDT,bid,130,28637.0
2024-09-12 18:37:38,SOLUSDT,ask,151,13851.0
2024-09-12 18:38:34,SOLUSDT,bid,110,26637.0
2024-09-12 18:39:10,SOLUSDT,bid,115,13065.0
2024-09-12 18:39:10,SOLUSDT,bid,120,12945.0
2024-09-12 18:39:10,SOLUSDT,bid,125,13454.0
2024-09-12 18:39:21,SOLUSDT,bid,130,28636.0
2024-09-12 18:40:31,SOLUSDT,bid,125,13455.0
2024-09-12 18:40:51,SOLUSDT,bid,130,28637.0
2024-09-12 18:40:59,SOLUSDT,bid,128,9867.0
2024-09-12 18:41:15,SOLUSDT,bid,128,9868.0
2024-09-12 18:41:21,SOLUSDT,bid,128,9867.0
2024-09-12 18:41:51,SOLUSDT,bid,128,9860.0
2024-09-12 18:42:26,SOLUSDT,bid,130,10266.0
2024-09-12 18:42:27,SOLUSDT,bid,133,8223.0
2024-09-12 18:42:27,SOLUSDT,ask,138,10264.0
2024-09-12 18:42:27,SOLUSDT,ask,136,8230.0
2024-09-12 18:43:12,SOLUSDT,bid,128,9861.0
2024-09-12 18:43:12,SOLUSDT,bid,128,9862.0
2024-09-12 18:43:13,SOLUSDT,ask,136,8278.0
2024-09-12 18:43:14,SOLUSDT,ask,136,8230.0
2024-09-12 18:43:14,SOLUSDT,ask,136,8278.0
2024-09-12 18:43:14,SOLUSDT,ask,136,8230.0
2024-09-12 18:43:16,SOLUSDT,bid,125,13456.0
2024-09-12 18:43:18,SOLUSDT,bid,128,9860.0
2024-09-12 18:43:30,SOLUSDT,bid,110,26625.0
2024-09-12 18:43:33,SOLUSDT,bid,125,13455.0
2024-09-12 18:43:54,SOLUSDT,ask,136,8278.0
2024-09-12 18:43:54,SOLUSDT,ask,136,8230.0
2024-09-12 18:44:25,SOLUSDT,bid,128,9861.0
2024-09-12 18:44:31,SOLUSDT,bid,128,9860.0
2024-09-12 18:45:39,SOLUSDT,ask,144,36514.0
2024-09-12 18:45:45,SOLUSDT,bid,130,28635.0
2024-09-12 18:46:29,SOLUSDT,bid,131,8048.0
2024-09-12 18:47:03,SOLUSDT,bid,133,8254.0
2024-09-12 18:47:05,SOLUSDT,bid,133,8223.0
2024-09-12 18:47:27,SOLUSDT,bid,128,9863.0
2024-09-12 18:47:29,SOLUSDT,ask,145,13963.0
2024-09-12 18:47:29,SOLUSDT,ask,145,13962.0
2024-09-12 18:47:44,SOLUSDT,bid,122,16336.0
2024-09-12 18:48:01,SOLUSDT,bid,130,28634.0
2024-09-12 18:48:01,SOLUSDT,bid,122,16329.0
2024-09-12 18:48:31,SOLUSDT,bid,123,8390.0
2024-09-12 18:48:31,SOLUSDT,ask,138,8544.0
2024-09-12 18:49:51,SOLUSDT,bid,128,9878.0
2024-09-12 18:50:19,SOLUSDT,bid,130,28618.0
2024-09-12 18:50:41,SOLUSDT,ask,137,10751.0
2024-09-12 18:50:41,SOLUSDT,bid,128,9885.0
2024-09-12 18:50:44,SOLUSDT,ask,147,8152.0
2024-09-12 18:51:00,SOLUSDT,bid,128,9905.0
2024-09-12 18:51:15,SOLUSDT,bid,128,9885.0
2024-09-12 18:51:48,SOLUSDT,ask,137,10752.0
2024-09-12 18:53:02,SOLUSDT,bid,128,9905.0
2024-09-12 18:53:17,SOLUSDT,bid,130,28708.0
2024-09-12 18:53:31,SOLUSDT,ask,137,10753.0
2024-09-12 18:53:35,SOLUSDT,bid,128,9890.0
2024-09-12 18:53:47,SOLUSDT,ask,137,10752.0
2024-09-12 18:54:47,SOLUSDT,bid,130,28705.0
2024-09-12 18:55:57,SOLUSDT,bid,128,9889.0
2024-09-12 18:55:57,SOLUSDT,bid,130,28704.0
2024-09-12 18:55:58,SOLUSDT,ask,137,10767.0
2024-09-12 18:56:38,SOLUSDT,ask,138,8534.0
2024-09-12 18:56:54,SOLUSDT,bid,128,9887.0
2024-09-12 18:57:29,SOLUSDT,ask,138,8544.0
2024-09-12 18:57:40,SOLUSDT,bid,130,28702.0
2024-09-12 18:57:48,SOLUSDT,ask,138,8545.0
2024-09-12 18:57:53,SOLUSDT,bid,120,13093.0
2024-09-12 18:57:58,SOLUSDT,bid,128,9886.0
2024-09-12 18:58:00,SOLUSDT,bid,125,13456.0
2024-09-12 18:58:21,SOLUSDT,ask,137,10768.0
2024-09-12 18:58:23,SOLUSDT,ask,137,10767.0
2024-09-12 18:58:25,SOLUSDT,bid,130,28687.0
2024-09-12 18:59:38,SOLUSDT,bid,130,28897.0
2024-09-12 18:59:42,SOLUSDT,bid,120,12945.0
2024-09-12 19:00:38,SOLUSDT,bid,115,13064.0
2024-09-12 19:01:11,SOLUSDT,bid,120,12947.0
2024-09-12 19:01:20,SOLUSDT,ask,137,10967.0
2024-09-12 19:01:35,SOLUSDT,bid,131,10265.0
2024-09-12 19:01:36,SOLUSDT,bid,133,8234.0
2024-09-12 19:01:36,SOLUSDT,ask,138,10266.0
2024-09-12 19:01:36,SOLUSDT,ask,136,8212.0
2024-09-12 19:01:36,SOLUSDT,bid,128,9887.0
2024-09-12 19:01:36,SOLUSDT,bid,132,12369.0
2024-09-12 19:01:46,SOLUSDT,ask,137,10972.0
2024-09-12 19:01:57,SOLUSDT,ask,138,8550.0
2024-09-12 19:02:09,SOLUSDT,bid,130,28898.0
2024-09-12 19:02:27,SOLUSDT,bid,130,28900.0
2024-09-12 19:02:44,SOLUSDT,bid,128,9888.0
2024-09-12 19:02:57,SOLUSDT,ask,137,10970.0
2024-09-12 19:03:02,SOLUSDT,ask,144,36314.0
2024-09-12 19:03:15,SOLUSDT,bid,130,28883.0
2024-09-12 19:03:35,SOLUSDT,ask,144,36187.0
2024-09-12 19:03:55,SOLUSDT,ask,137,10971.0
2024-09-12 19:03:58,SOLUSDT,bid,120,12945.0
2024-09-12 19:04:07,SOLUSDT,ask,138,8600.0
2024-09-12 19:04:15,SOLUSDT,bid,133,8235.0
2024-09-12 19:04:16,SOLUSDT,ask,137,10946.0
2024-09-12 19:04:16,SOLUSDT,bid,133,8234.0
2024-09-12 19:04:18,SOLUSDT,bid,125,13604.0
2024-09-12 19:04:51,SOLUSDT,ask,137,10917.0
2024-09-12 19:05:01,SOLUSDT,bid,130,28983.0
2024-09-12 19:05:06,SOLUSDT,ask,137,10916.0
2024-09-12 19:05:11,SOLUSDT,bid,130,28993.0
2024-09-12 19:05:41,SOLUSDT,bid,130,29025.0
2024-09-12 19:05:49,SOLUSDT,bid,125,13644.0
2024-09-12 19:05:55,SOLUSDT,ask,144,36179.0
2024-09-12 19:05:55,SOLUSDT,bid,128,9954.0
2024-09-12 19:06:05,SOLUSDT,ask,138,8608.0
2024-09-12 19:06:36,SOLUSDT,bid,132,12301.0
2024-09-12 19:07:20,SOLUSDT,ask,137,10992.0
2024-09-12 19:07:50,SOLUSDT,ask,137,10987.0
2024-09-12 19:07:59,SOLUSDT,ask,137,10990.0
2024-09-12 19:09:03,SOLUSDT,bid,120,12944.0
2024-09-12 19:09:09,SOLUSDT,bid,131,8057.0
2024-09-12 19:09:09,SOLUSDT,bid,131,8093.0
2024-09-12 19:09:09,SOLUSDT,bid,131,8159.0
2024-09-12 19:09:10,SOLUSDT,bid,131,8167.0
2024-09-12 19:09:13,SOLUSDT,ask,138,8609.0
2024-09-12 19:09:27,SOLUSDT,ask,138,8606.0
2024-09-12 19:09:31,SOLUSDT,bid,130,28991.0
2024-09-12 19:09:39,SOLUSDT,ask,138,8613.0
2024-09-12 19:09:50,SOLUSDT,bid,120,12964.0
2024-09-12 19:09:52,SOLUSDT,bid,128,9959.0
2024-09-12 19:10:12,SOLUSDT,bid,128,9963.0
2024-09-12 19:10:16,SOLUSDT,ask,137,10998.0
2024-09-12 19:10:48,SOLUSDT,ask,138,10334.0
2024-09-12 19:11:08,SOLUSDT,bid,125,13648.0
2024-09-12 19:11:10,SOLUSDT,bid,130,29017.0
2024-09-12 19:11:19,SOLUSDT,bid,125,13679.0
2024-09-12 19:11:19,SOLUSDT,bid,132,18938.0
2024-09-12 19:11:39,SOLUSDT,bid,120,12968.0
2024-09-12 19:11:39,SOLUSDT,bid,125,13675.0
2024-09-12 19:11:44,SOLUSDT,bid,125,13695.0
2024-09-12 19:11:47,SOLUSDT,bid,125,13655.0
2024-09-12 19:12:12,SOLUSDT,bid,130,29018.0
2024-09-12 19:12:13,SOLUSDT,ask,137,11122.0
2024-09-12 19:12:30,SOLUSDT,ask,137,11114.0
2024-09-12 19:12:30,SOLUSDT,bid,131,10265.0
2024-09-12 19:12:31,SOLUSDT,bid,133,8211.0
2024-09-12 19:12:31,SOLUSDT,ask,138,10286.0
2024-09-12 19:12:31,SOLUSDT,ask,136,8211.0
2024-09-12 19:12:32,SOLUSDT,bid,130,29039.0
2024-09-12 19:12:49,SOLUSDT,ask,138,10264.0
2024-09-12 19:13:16,SOLUSDT,bid,130,29026.0
2024-09-12 19:13:43,SOLUSDT,ask,137,11098.0
2024-09-12 19:13:57,SOLUSDT,bid,130,29025.0
2024-09-12 19:14:00,SOLUSDT,bid,131,8146.0
2024-09-12 19:14:00,SOLUSDT,bid,131,8112.0
2024-09-12 19:14:00,SOLUSDT,bid,131,8108.0
2024-09-12 19:14:01,SOLUSDT,bid,131,8083.0
2024-09-12 19:14:01,SOLUSDT,bid,131,8056.0
2024-09-12 19:14:01,SOLUSDT,bid,131,8048.0
2024-09-12 19:14:11,SOLUSDT,bid,125,13663.0
2024-09-12 19:14:16,SOLUSDT,bid,115,13061.0
2024-09-12 19:16:35,SOLUSDT,bid,132,18936.0
2024-09-12 19:16:41,SOLUSDT,ask,138,8627.0
2024-09-12 19:16:53,SOLUSDT,bid,130,29026.0
2024-09-12 19:17:30,SOLUSDT,ask,136,8213.0
2024-09-12 19:17:30,SOLUSDT,ask,136,8211.0
2024-09-12 19:18:46,SOLUSDT,bid,132,12001.0
2024-09-12 19:18:47,SOLUSDT,bid,131,10266.0
2024-09-12 19:18:48,SOLUSDT,bid,133,8211.0
2024-09-12 19:18:48,SOLUSDT,ask,139,10299.0
2024-09-12 19:18:49,SOLUSDT,ask,136,8213.0
2024-09-12 19:20:04,SOLUSDT,bid,133,8215.0
2024-09-12 19:20:14,SOLUSDT,ask,137,11170.0
2024-09-12 19:20:33,SOLUSDT,ask,137,11098.0
2024-09-12 19:21:38,SOLUSDT,ask,138,8607.0
2024-09-12 19:21:53,SOLUSDT,bid,112,15183.0
2024-09-12 19:21:57,SOLUSDT,ask,138,10607.0
2024-09-12 19:22:12,SOLUSDT,ask,137,11102.0
2024-09-12 19:22:27,SOLUSDT,bid,132,18943.0
2024-09-12 19:22:27,SOLUSDT,bid,131,10264.0
2024-09-12 19:22:27,SOLUSDT,bid,133,8212.0
2024-09-12 19:22:28,SOLUSDT,ask,138,10265.0
2024-09-12 19:22:28,SOLUSDT,ask,136,8211.0
2024-09-12 19:22:32,SOLUSDT,bid,130,29025.0
2024-09-12 19:22:43,SOLUSDT,bid,132,18936.0
2024-09-12 19:24:01,SOLUSDT,bid,128,9964.0
2024-09-12 19:24:02,SOLUSDT,bid,128,9965.0
2024-09-12 19:24:02,SOLUSDT,bid,128,9966.0
2024-09-12 19:24:07,SOLUSDT,bid,128,9965.0
2024-09-12 19:24:07,SOLUSDT,bid,128,9964.0
2024-09-12 19:24:07,SOLUSDT,bid,128,9963.0
2024-09-12 19:24:23,SOLUSDT,ask,137,11101.0
2024-09-12 19:25:03,SOLUSDT,bid,128,9958.0
2024-09-12 19:25:52,SOLUSDT,ask,137,11102.0
2024-09-12 19:25:58,SOLUSDT,bid,120,12967.0
2024-09-12 19:26:00,SOLUSDT,ask,138,10608.0
2024-09-12 19:26:06,SOLUSDT,bid,128,9959.0
2024-09-12 19:26:06,SOLUSDT,bid,130,29024.0
2024-09-12 19:26:13,SOLUSDT,bid,128,9859.0
2024-09-12 19:26:22,SOLUSDT,bid,128,9858.0
2024-09-12 19:26:40,SOLUSDT,bid,128,9859.0
2024-09-12 19:26:47,SOLUSDT,ask,137,11101.0
2024-09-12 19:27:38,SOLUSDT,bid,130,29028.0
2024-09-12 19:27:54,SOLUSDT,bid,115,13043.0
2024-09-12 19:28:07,SOLUSDT,ask,138,10622.0
2024-09-12 19:28:21,SOLUSDT,bid,123,8389.0
2024-09-12 19:28:52,SOLUSDT,bid,130,29029.0
2024-09-12 19:29:21,SOLUSDT,bid,130,29028.0
2024-09-12 19:29:44,SOLUSDT,ask,138,10608.0
2024-09-12 19:29:48,SOLUSDT,ask,147,8194.0
2024-09-12 19:29:56,SOLUSDT,bid,128,9860.0
2024-09-12 19:30:39,SOLUSDT,ask,138,10607.0
2024-09-12 19:30:53,SOLUSDT,bid,128,9855.0
2024-09-12 19:31:08,SOLUSDT,bid,132,18937.0
2024-09-12 19:31:09,SOLUSDT,bid,132,12136.0
2024-09-12 19:31:09,SOLUSDT,bid,132,18936.0
2024-09-12 19:31:10,SOLUSDT,ask,137,11121.0
2024-09-12 19:31:10,SOLUSDT,ask,138,10608.0
2024-09-12 19:31:17,SOLUSDT,ask,137,11266.0
2024-09-12 19:31:27,SOLUSDT,ask,137,11268.0
2024-09-12 19:31:28,SOLUSDT,ask,137,11266.0
2024-09-12 19:32:01,SOLUSDT,bid,123,8388.0
2024-09-12 19:32:15,SOLUSDT,ask,138,10607.0
2024-09-12 19:32:21,SOLUSDT,bid,130,28917.0
2024-09-12 19:32:28,SOLUSDT,bid,130,10271.0
2024-09-12 19:32:28,SOLUSDT,bid,133,8211.0
2024-09-12 19:32:28,SOLUSDT,ask,138,10264.0
2024-09-12 19:32:28,SOLUSDT,ask,136,8220.0
2024-09-12 19:32:42,SOLUSDT,bid,130,29028.0
2024-09-12 19:33:16,SOLUSDT,bid,128,9853.0
2024-09-12 19:33:20,SOLUSDT,ask,137,11338.0
2024-09-12 19:33:28,SOLUSDT,bid,110,26618.0
2024-09-12 19:33:39,SOLUSDT,bid,122,16319.0
2024-09-12 19:33:40,SOLUSDT,bid,132,12158.0
2024-09-12 19:33:41,SOLUSDT,bid,132,12136.0
2024-09-12 19:33:50,SOLUSDT,bid,130,10269.0
2024-09-12 19:33:51,SOLUSDT,bid,133,8227.0
2024-09-12 19:33:51,SOLUSDT,bid,130,29018.0
2024-09-12 19:33:51,SOLUSDT,ask,138,10264.0
2024-09-12 19:33:53,SOLUSDT,bid,125,13643.0
2024-09-12 19:33:59,SOLUSDT,bid,130,28938.0
2024-09-12 19:34:08,SOLUSDT,bid,128,9833.0
2024-09-12 19:34:21,SOLUSDT,bid,125,13645.0
2024-09-12 19:35:08,SOLUSDT,bid,130,28937.0
2024-09-12 19:35:43,SOLUSDT,bid,120,12963.0
2024-09-12 19:35:58,SOLUSDT,bid,115,13037.0
2024-09-12 19:36:10,SOLUSDT,ask,137,11322.0
2024-09-12 19:36:29,SOLUSDT,bid,125,13643.0
2024-09-12 19:36:32,SOLUSDT,ask,137,11319.0
2024-09-12 19:36:50,SOLUSDT,ask,145,20186.0
2024-09-12 19:37:09,SOLUSDT,bid,132,12001.0
2024-09-12 19:37:16,SOLUSDT,bid,130,28944.0
2024-09-12 19:37:23,SOLUSDT,ask,137,11174.0
2024-09-12 19:37:52,SOLUSDT,bid,125,13644.0
2024-09-12 19:38:18,SOLUSDT,bid,130,28954.0
2024-09-12 19:38:32,SOLUSDT,bid,130,28950.0
2024-09-12 19:38:58,SOLUSDT,bid,130,28951.0
2024-09-12 19:39:24,SOLUSDT,bid,130,28931.0
2024-09-12 19:39:30,SOLUSDT,bid,110,26627.0
2024-09-12 19:39:34,SOLUSDT,bid,128,9843.0
2024-09-12 19:39:52,SOLUSDT,bid,110,26618.0
2024-09-12 19:40:13,SOLUSDT,bid,130,10264.0
2024-09-12 19:40:20,SOLUSDT,bid,123,8389.0
2024-09-12 19:40:22,SOLUSDT,bid,123,8327.0
2024-09-12 19:40:23,SOLUSDT,bid,128,9833.0
2024-09-12 19:40:28,SOLUSDT,bid,123,8326.0
2024-09-12 19:40:35,SOLUSDT,bid,131,8063.0
2024-09-12 19:40:41,SOLUSDT,bid,123,8349.0
2024-09-12 19:40:57,SOLUSDT,bid,130,28930.0
2024-09-12 19:41:05,SOLUSDT,ask,137,11172.0
2024-09-12 19:41:05,SOLUSDT,ask,145,20184.0
2024-09-12 19:41:11,SOLUSDT,bid,133,8229.0
2024-09-12 19:41:22,SOLUSDT,bid,130,28929.0
2024-09-12 19:41:23,SOLUSDT,bid,131,8048.0
2024-09-12 19:41:24,SOLUSDT,bid,130,28928.0
2024-09-12 19:41:27,SOLUSDT,bid,128,9830.0
2024-09-12 19:41:44,SOLUSDT,bid,130,28929.0
2024-09-12 19:41:49,SOLUSDT,ask,137,11171.0
2024-09-12 19:41:54,SOLUSDT,bid,120,12959.0
2024-09-12 19:41:54,SOLUSDT,bid,130,28928.0
2024-09-12 19:41:59,SOLUSDT,bid,128,9842.0
2024-09-12 19:42:04,SOLUSDT,bid,112,15231.0
2024-09-12 19:42:24,SOLUSDT,bid,130,28929.0
2024-09-12 19:42:26,SOLUSDT,ask,137,11159.0
2024-09-12 19:42:26,SOLUSDT,bid,122,16178.0
2024-09-12 19:42:27,SOLUSDT,bid,130,10264.0
2024-09-12 19:42:27,SOLUSDT,bid,132,8213.0
2024-09-12 19:42:28,SOLUSDT,ask,138,10264.0
2024-09-12 19:42:32,SOLUSDT,ask,137,11169.0
2024-09-12 19:42:35,SOLUSDT,bid,125,13648.0
2024-09-12 19:42:36,SOLUSDT,bid,128,9841.0
2024-09-12 19:42:50,SOLUSDT,bid,130,28939.0
2024-09-12 19:42:59,SOLUSDT,ask,138,8607.0
2024-09-12 19:43:11,SOLUSDT,bid,131,8116.0
2024-09-12 19:43:32,SOLUSDT,ask,145,20185.0
2024-09-12 19:43:35,SOLUSDT,bid,130,28940.0
2024-09-12 19:43:58,SOLUSDT,bid,131,8117.0
2024-09-12 19:44:05,SOLUSDT,bid,130,28939.0
2024-09-12 19:44:23,SOLUSDT,bid,122,16181.0
2024-09-12 19:44:38,SOLUSDT,bid,128,9844.0
2024-09-12 19:44:38,SOLUSDT,bid,125,13647.0
2024-09-12 19:44:41,SOLUSDT,bid,130,28952.0
2024-09-12 19:44:53,SOLUSDT,bid,130,28944.0
2024-09-12 19:44:54,SOLUSDT,bid,125,13651.0
2024-09-12 19:45:40,SOLUSDT,bid,130,28941.0
2024-09-12 19:45:49,SOLUSDT,bid,128,9839.0
2024-09-12 19:45:56,SOLUSDT,ask,137,11155.0
2024-09-12 19:46:01,SOLUSDT,bid,123,8366.0
2024-09-12 19:46:16,SOLUSDT,bid,128,9854.0
2024-09-12 19:46:35,SOLUSDT,bid,128,9824.0
2024-09-12 19:46:44,SOLUSDT,ask,137,11157.0
2024-09-12 19:46:45,SOLUSDT,bid,128,9822.0
2024-09-12 19:46:46,SOLUSDT,bid,130,28962.0
2024-09-12 19:47:06,SOLUSDT,ask,138,8605.0
2024-09-12 19:47:21,SOLUSDT,ask,138,8581.0
2024-09-12 19:47:29,SOLUSDT,bid,128,9826.0
2024-09-12 19:48:02,SOLUSDT,bid,130,28965.0
2024-09-12 19:48:05,SOLUSDT,bid,130,29049.0
2024-09-12 19:48:06,SOLUSDT,ask,147,8170.0
2024-09-12 19:48:09,SOLUSDT,ask,147,8203.0
2024-09-12 19:48:12,SOLUSDT,bid,131,8049.0
2024-09-12 19:48:16,SOLUSDT,bid,128,9811.0
2024-09-12 19:48:42,SOLUSDT,bid,130,29050.0
2024-09-12 19:48:43,SOLUSDT,bid,130,29032.0
2024-09-12 19:48:50,SOLUSDT,bid,125,13652.0
2024-09-12 19:49:34,SOLUSDT,bid,120,12956.0
2024-09-12 19:50:24,SOLUSDT,bid,131,8072.0
2024-09-12 19:50:26,SOLUSDT,ask,137,11155.0
2024-09-12 19:50:33,SOLUSDT,bid,130,29052.0
2024-09-12 19:50:33,SOLUSDT,ask,138,8509.0
2024-09-12 19:51:50,SOLUSDT,bid,131,8112.0
2024-09-12 19:51:52,SOLUSDT,bid,131,8089.0
2024-09-12 19:52:03,SOLUSDT,bid,132,8221.0
2024-09-12 19:52:03,SOLUSDT,bid,132,8243.0
2024-09-12 19:52:19,SOLUSDT,bid,128,9813.0
2024-09-12 19:52:22,SOLUSDT,bid,130,29057.0
2024-09-12 19:52:28,SOLUSDT,bid,130,10267.0
2024-09-12 19:52:28,SOLUSDT,bid,132,8233.0
2024-09-12 19:52:28,SOLUSDT,ask,138,10264.0
2024-09-12 19:52:29,SOLUSDT,bid,130,29058.0
2024-09-12 19:52:58,SOLUSDT,ask,138,8500.0
2024-09-12 19:53:04,SOLUSDT,ask,137,11164.0
2024-09-12 19:53:08,SOLUSDT,bid,130,29057.0
2024-09-12 19:53:13,SOLUSDT,ask,146,16813.0
2024-09-12 19:53:15,SOLUSDT,bid,128,9806.0
2024-09-12 19:53:23,SOLUSDT,bid,125,13504.0
2024-09-12 19:53:26,SOLUSDT,bid,130,29050.0
2024-09-12 19:53:28,SOLUSDT,bid,131,8543.0
2024-09-12 19:53:57,SOLUSDT,bid,130,29198.0
2024-09-12 19:54:00,SOLUSDT,bid,123,8349.0
2024-09-12 19:54:08,SOLUSDT,ask,147,8170.0
2024-09-12 19:54:10,SOLUSDT,bid,120,12936.0
2024-09-12 19:54:15,SOLUSDT,bid,115,13019.0
2024-09-12 19:54:25,SOLUSDT,bid,128,9807.0
2024-09-12 19:54:30,SOLUSDT,bid,130,29197.0
2024-09-12 19:54:32,SOLUSDT,bid,130,29192.0
2024-09-12 19:54:38,SOLUSDT,bid,130,29198.0
2024-09-12 19:54:54,SOLUSDT,bid,130,29164.0
2024-09-12 19:55:04,SOLUSDT,bid,130,10285.0
2024-09-12 19:55:05,SOLUSDT,bid,132,8214.0
2024-09-12 19:55:05,SOLUSDT,bid,128,9800.0
2024-09-12 19:55:05,SOLUSDT,bid,130,29161.0
2024-09-12 19:55:53,SOLUSDT,bid,120,12929.0
2024-09-12 19:55:55,SOLUSDT,ask,138,18763.0
2024-09-12 19:56:04,SOLUSDT,ask,137,11177.0
2024-09-12 19:56:18,SOLUSDT,bid,130,29155.0
2024-09-12 19:56:27,SOLUSDT,bid,125,13497.0
2024-09-12 19:56:45,SOLUSDT,bid,130,29341.0
2024-09-12 19:56:57,SOLUSDT,ask,147,8166.0
2024-09-12 19:57:07,SOLUSDT,bid,130,25032.0
2024-09-12 19:57:14,SOLUSDT,bid,130,25147.0
2024-09-12 19:57:47,SOLUSDT,bid,130,25057.0
2024-09-12 19:58:04,SOLUSDT,bid,122,16146.0
2024-09-12 19:58:06,SOLUSDT,bid,130,25058.0
2024-09-12 19:58:28,SOLUSDT,bid,131,8089.0
2024-09-12 19:58:54,SOLUSDT,bid,132,18946.0
2024-09-12 19:59:00,SOLUSDT,bid,132,18936.0
2024-09-12 19:59:03,SOLUSDT,bid,131,8049.0
2024-09-12 19:59:30,SOLUSDT,ask,144,36180.0
2024-09-12 19:59:32,SOLUSDT,bid,130,24974.0
2024-09-12 19:59:39,SOLUSDT,ask,144,36179.0
2024-09-12 19:59:46,SOLUSDT,bid,123,8351.0
2024-09-12 19:59:46,SOLUSDT,ask,138,18765.0
2024-09-12 20:00:09,SOLUSDT,bid,125,13517.0
2024-09-12 20:00:25,SOLUSDT,bid,130,24973.0
2024-09-12 20:00:30,SOLUSDT,bid,128,9798.0
2024-09-12 20:00:34,SOLUSDT,bid,128,9854.0
2024-09-12 20:00:54,SOLUSDT,bid,130,24988.0
2024-09-12 20:01:08,SOLUSDT,ask,138,18772.0
2024-09-12 20:01:26,SOLUSDT,bid,125,13515.0
2024-09-12 20:01:28,SOLUSDT,ask,138,8508.0
2024-09-12 20:01:38,SOLUSDT,bid,130,10264.0
2024-09-12 20:01:38,SOLUSDT,bid,132,8401.0
2024-09-12 20:01:38,SOLUSDT,ask,138,10265.0
2024-09-12 20:02:03,SOLUSDT,bid,128,9853.0
2024-09-12 20:02:17,SOLUSDT,bid,130,24840.0
2024-09-12 20:02:24,SOLUSDT,bid,110,26617.0
2024-09-12 20:02:24,SOLUSDT,bid,130,24847.0
2024-09-12 20:02:43,SOLUSDT,bid,128,10001.0
2024-09-12 20:03:26,SOLUSDT,bid,110,26618.0
2024-09-12 20:03:32,SOLUSDT,ask,145,20184.0
2024-09-12 20:03:46,SOLUSDT,bid,128,10009.0
2024-09-12 20:03:49,SOLUSDT,ask,146,16814.0
2024-09-12 20:04:06,SOLUSDT,ask,137,11156.0
2024-09-12 20:04:41,SOLUSDT,bid,130,24876.0
2024-09-12 20:04:54,SOLUSDT,bid,125,13513.0
2024-09-12 20:05:05,SOLUSDT,ask,138,8501.0
2024-09-12 20:05:23,SOLUSDT,ask,137,11192.0
2024-09-12 20:05:24,SOLUSDT,bid,130,24847.0
2024-09-12 20:05:31,SOLUSDT,ask,137,11180.0
2024-09-12 20:05:40,SOLUSDT,ask,138,8503.0
2024-09-12 20:06:30,SOLUSDT,ask,137,11167.0
2024-09-12 20:06:42,SOLUSDT,bid,130,24851.0
2024-09-12 20:07:08,SOLUSDT,bid,123,8350.0
2024-09-12 20:07:08,SOLUSDT,bid,128,9989.0
2024-09-12 20:07:42,SOLUSDT,ask,137,11168.0
2024-09-12 20:07:54,SOLUSDT,bid,128,9979.0
2024-09-12 20:08:41,SOLUSDT,ask,137,11167.0
2024-09-12 20:08:48,SOLUSDT,ask,137,12462.0
2024-09-12 20:08:49,SOLUSDT,bid,120,12946.0
2024-09-12 20:09:07,SOLUSDT,bid,130,10274.0
2024-09-12 20:09:07,SOLUSDT,bid,130,10333.0
2024-09-12 20:09:07,SOLUSDT,bid,130,10494.0
2024-09-12 20:09:07,SOLUSDT,bid,130,10532.0
2024-09-12 20:09:29,SOLUSDT,ask,137,11167.0
2024-09-12 20:09:53,SOLUSDT,bid,130,24891.0
2024-09-12 20:10:00,SOLUSDT,bid,130,10473.0
2024-09-12 20:11:00,SOLUSDT,bid,130,10463.0
2024-09-12 20:11:00,SOLUSDT,bid,130,10453.0
2024-09-12 20:11:00,SOLUSDT,bid,130,10380.0
2024-09-12 20:11:00,SOLUSDT,bid,130,10326.0
2024-09-12 20:11:00,SOLUSDT,bid,130,10282.0
2024-09-12 20:11:00,SOLUSDT,bid,130,10264.0
2024-09-12 20:11:16,SOLUSDT,bid,132,8419.0
2024-09-12 20:11:30,SOLUSDT,bid,120,12948.0
2024-09-12 20:11:59,SOLUSDT,ask,137,11131.0
2024-09-12 20:12:04,SOLUSDT,bid,110,26609.0
2024-09-12 20:12:28,SOLUSDT,bid,130,10265.0
2024-09-12 20:12:28,SOLUSDT,bid,133,8211.0
2024-09-12 20:12:28,SOLUSDT,ask,138,10264.0
2024-09-12 20:12:29,SOLUSDT,bid,120,12949.0
2024-09-12 20:12:57,SOLUSDT,bid,131,8050.0
2024-09-12 20:13:22,SOLUSDT,ask,138,8544.0
2024-09-12 20:13:32,SOLUSDT,ask,137,11126.0
2024-09-12 20:13:44,SOLUSDT,bid,130,24892.0
2024-09-12 20:13:44,SOLUSDT,ask,137,11127.0
2024-09-12 20:13:59,SOLUSDT,ask,137,11137.0
2024-09-12 20:14:04,SOLUSDT,ask,137,11137.0
2024-09-12 20:14:13,SOLUSDT,bid,130,24891.0
2024-09-12 20:14:17,SOLUSDT,ask,138,8530.0
2024-09-12 20:15:08,SOLUSDT,bid,125,13498.0
2024-09-12 20:15:29,SOLUSDT,ask,144,36198.0
2024-09-12 20:15:29,SOLUSDT,ask,145,20185.0
2024-09-12 20:15:32,SOLUSDT,bid,110,26607.0
2024-09-12 20:15:37,SOLUSDT,bid,128,9971.0
2024-09-12 20:15:46,SOLUSDT,bid,91,56885.0
2024-09-12 20:15:47,SOLUSDT,bid,101,26770.0
2024-09-12 20:16:19,SOLUSDT,ask,138,8521.0
2024-09-12 20:16:49,SOLUSDT,bid,130,24866.0
2024-09-12 20:16:53,SOLUSDT,bid,130,24867.0
2024-09-12 20:17:04,SOLUSDT,bid,110,26609.0
2024-09-12 20:17:04,SOLUSDT,bid,115,13021.0
2024-09-12 20:17:04,SOLUSDT,bid,120,12951.0
2024-09-12 20:17:04,SOLUSDT,bid,125,13499.0
2024-09-12 20:17:04,SOLUSDT,bid,130,24868.0
2024-09-12 20:17:04,SOLUSDT,ask,145,20186.0
2024-09-12 20:17:06,SOLUSDT,bid,122,16147.0
2024-09-12 20:17:09,SOLUSDT,bid,123,8345.0
2024-09-12 20:17:17,SOLUSDT,ask,138,10274.0
2024-09-12 20:17:19,SOLUSDT,bid,110,26610.0
2024-09-12 20:17:26,SOLUSDT,ask,138,8522.0
2024-09-12 20:17:28,SOLUSDT,bid,130,24865.0
2024-09-12 20:17:28,SOLUSDT,bid,130,24898.0
2024-09-12 20:17:29,SOLUSDT,ask,138,10264.0
2024-09-12 20:17:39,SOLUSDT,ask,146,16815.0
2024-09-12 20:17:52,SOLUSDT,bid,130,24899.0
2024-09-12 20:18:33,SOLUSDT,bid,125,13494.0
2024-09-12 20:18:34,SOLUSDT,ask,144,36163.0
2024-09-12 20:18:46,SOLUSDT,bid,123,8346.0
2024-09-12 20:18:46,SOLUSDT,bid,128,10131.0
2024-09-12 20:19:12,SOLUSDT,ask,145,20173.0
2024-09-12 20:19:46,SOLUSDT,bid,130,24866.0
2024-09-12 20:20:53,SOLUSDT,bid,128,10123.0
2024-09-12 20:21:42,SOLUSDT,bid,130,24871.0
2024-09-12 20:21:49,SOLUSDT,bid,110,26608.0
2024-09-12 20:21:49,SOLUSDT,bid,115,13019.0
2024-09-12 20:21:49,SOLUSDT,bid,120,12949.0
2024-09-12 20:21:49,SOLUSDT,bid,125,13493.0
2024-09-12 20:21:49,SOLUSDT,bid,130,24870.0
2024-09-12 20:21:49,SOLUSDT,ask,145,20172.0
2024-09-12 20:21:57,SOLUSDT,ask,137,11132.0
2024-09-12 20:22:05,SOLUSDT,bid,130,24868.0
2024-09-12 20:22:31,SOLUSDT,bid,130,10264.0
2024-09-12 20:22:31,SOLUSDT,bid,133,8241.0
2024-09-12 20:22:32,SOLUSDT,ask,138,10265.0
2024-09-12 20:23:12,SOLUSDT,bid,130,24870.0
2024-09-12 20:23:13,SOLUSDT,bid,130,24871.0
2024-09-12 20:25:05,SOLUSDT,bid,120,12950.0
2024-09-12 20:25:05,SOLUSDT,bid,125,13494.0
2024-09-12 20:25:05,SOLUSDT,bid,130,24872.0
2024-09-12 20:25:05,SOLUSDT,ask,145,20173.0
2024-09-12 20:25:29,SOLUSDT,bid,130,24879.0
2024-09-12 20:26:13,SOLUSDT,bid,133,8211.0
2024-09-12 20:26:24,SOLUSDT,bid,133,8307.0
2024-09-12 20:26:24,SOLUSDT,bid,133,8355.0
2024-09-12 20:26:25,SOLUSDT,bid,133,8211.0
2024-09-12 20:27:05,SOLUSDT,bid,128,10116.0
2024-09-12 20:27:42,SOLUSDT,bid,128,10141.0
2024-09-12 20:27:43,SOLUSDT,bid,128,10142.0
2024-09-12 20:27:48,SOLUSDT,bid,128,10117.0
2024-09-12 20:27:49,SOLUSDT,bid,128,10116.0
2024-09-12 20:28:23,SOLUSDT,ask,137,11135.0
2024-09-12 20:28:31,SOLUSDT,bid,122,16103.0
2024-09-12 20:28:56,SOLUSDT,bid,120,12916.0
2024-09-12 20:29:07,SOLUSDT,bid,130,24872.0
2024-09-12 20:29:28,SOLUSDT,bid,130,24897.0
2024-09-12 20:29:30,SOLUSDT,bid,125,13498.0
2024-09-12 20:30:05,SOLUSDT,bid,133,8259.0
2024-09-12 20:30:06,SOLUSDT,bid,133,8211.0
2024-09-12 20:30:06,SOLUSDT,bid,133,8259.0
2024-09-12 20:30:07,SOLUSDT,bid,133,8211.0
2024-09-12 20:30:07,SOLUSDT,bid,133,8259.0
2024-09-12 20:30:08,SOLUSDT,bid,133,8211.0
2024-09-12 20:30:16,SOLUSDT,bid,128,10126.0
2024-09-12 20:31:25,SOLUSDT,bid,132,18973.0
2024-09-12 20:31:35,SOLUSDT,bid,130,24847.0
2024-09-12 20:31:38,SOLUSDT,bid,130,24848.0
2024-09-12 20:31:55,SOLUSDT,bid,132,18936.0
2024-09-12 20:31:58,SOLUSDT,ask,137,11011.0
2024-09-12 20:32:30,SOLUSDT,bid,130,10264.0
2024-09-12 20:32:31,SOLUSDT,bid,133,8211.0
2024-09-12 20:32:31,SOLUSDT,ask,138,10275.0
2024-09-12 20:32:31,SOLUSDT,ask,136,8214.0
2024-09-12 20:32:48,SOLUSDT,bid,120,12915.0
2024-09-12 20:33:14,SOLUSDT,bid,130,24829.0
2024-09-12 20:33:17,SOLUSDT,bid,130,24839.0
2024-09-12 20:33:38,SOLUSDT,bid,125,13484.0
2024-09-12 20:33:38,SOLUSDT,bid,128,10139.0
2024-09-12 20:33:40,SOLUSDT,bid,125,13478.0
2024-09-12 20:33:41,SOLUSDT,bid,128,10140.0
2024-09-12 20:33:41,SOLUSDT,bid,128,10141.0
2024-09-12 20:33:41,SOLUSDT,bid,128,10142.0
2024-09-12 20:33:47,SOLUSDT,bid,128,10142.0
2024-09-12 20:33:47,SOLUSDT,bid,128,10141.0
2024-09-12 20:33:47,SOLUSDT,bid,128,10140.0
2024-09-12 20:33:47,SOLUSDT,bid,128,10141.0
2024-09-12 20:33:53,SOLUSDT,bid,128,10140.0
2024-09-12 20:33:53,SOLUSDT,bid,128,10139.0
2024-09-12 20:34:08,SOLUSDT,bid,128,10140.0
2024-09-12 20:34:08,SOLUSDT,bid,128,10141.0
2024-09-12 20:34:11,SOLUSDT,ask,136,8214.0
2024-09-12 20:34:11,SOLUSDT,bid,110,26615.0
2024-09-12 20:34:14,SOLUSDT,bid,128,10140.0
2024-09-12 20:34:14,SOLUSDT,bid,128,10139.0
2024-09-12 20:34:22,SOLUSDT,bid,130,24845.0
2024-09-12 20:34:23,SOLUSDT,bid,128,10138.0
2024-09-12 20:34:31,SOLUSDT,ask,137,11002.0
2024-09-12 20:34:33,SOLUSDT,bid,132,18943.0
2024-09-12 20:34:49,SOLUSDT,bid,128,10144.0
2024-09-12 20:34:57,SOLUSDT,bid,128,10145.0
2024-09-12 20:35:04,SOLUSDT,bid,128,10144.0
2024-09-12 20:35:12,SOLUSDT,bid,130,24844.0
2024-09-12 20:35:29,SOLUSDT,bid,130,24840.0
2024-09-12 20:35:56,SOLUSDT,bid,122,16109.0
2024-09-12 20:36:12,SOLUSDT,bid,130,24845.0
2024-09-12 20:36:16,SOLUSDT,bid,120,12920.0
2024-09-12 20:36:35,SOLUSDT,bid,128,10145.0
2024-09-12 20:36:41,SOLUSDT,bid,128,10144.0
2024-09-12 20:36:47,SOLUSDT,bid,130,24692.0
2024-09-12 20:36:48,SOLUSDT,bid,130,24691.0
2024-09-12 20:37:08,SOLUSDT,bid,128,10145.0
2024-09-12 20:37:14,SOLUSDT,ask,136,8358.0
2024-09-12 20:37:15,SOLUSDT,bid,128,10144.0
2024-09-12 20:37:15,SOLUSDT,ask,136,8214.0
2024-09-12 20:37:25,SOLUSDT,bid,130,24692.0
2024-09-12 20:37:26,SOLUSDT,bid,120,12921.0
2024-09-12 20:37:26,SOLUSDT,bid,125,13479.0
2024-09-12 20:37:26,SOLUSDT,bid,130,24693.0
2024-09-12 20:37:53,SOLUSDT,bid,123,8345.0
2024-09-12 20:37:53,SOLUSDT,bid,125,13478.0
2024-09-12 20:37:53,SOLUSDT,bid,130,24692.0
2024-09-12 20:38:15,SOLUSDT,ask,138,8527.0
2024-09-12 20:38:20,SOLUSDT,bid,125,13598.0
2024-09-12 20:38:30,SOLUSDT,ask,136,8334.0
2024-09-12 20:38:30,SOLUSDT,bid,125,13478.0
2024-09-12 20:38:31,SOLUSDT,ask,144,36234.0
2024-09-12 20:38:42,SOLUSDT,bid,125,13598.0
2024-09-12 20:38:51,SOLUSDT,ask,137,10993.0
2024-09-12 20:39:00,SOLUSDT,bid,125,13578.0
2024-09-12 20:39:12,SOLUSDT,ask,137,11293.0
2024-09-12 20:39:27,SOLUSDT,ask,137,11288.0
2024-09-12 20:39:31,SOLUSDT,bid,128,10145.0
2024-09-12 20:39:38,SOLUSDT,bid,128,10144.0
2024-09-12 20:39:40,SOLUSDT,bid,130,24792.0
2024-09-12 20:39:52,SOLUSDT,bid,130,24692.0
2024-09-12 20:39:53,SOLUSDT,bid,123,8329.0
2024-09-12 20:39:54,SOLUSDT,bid,122,16093.0
2024-09-12 20:40:16,SOLUSDT,bid,130,24695.0
2024-09-12 20:40:20,SOLUSDT,ask,145,13963.0
2024-09-12 20:40:21,SOLUSDT,ask,138,8598.0
2024-09-12 20:40:21,SOLUSDT,ask,137,11290.0
2024-09-12 20:40:34,SOLUSDT,bid,115,13018.0
2024-09-12 20:40:34,SOLUSDT,bid,120,12920.0
2024-09-12 20:40:34,SOLUSDT,bid,122,16092.0
2024-09-12 20:40:34,SOLUSDT,bid,123,8328.0
2024-09-12 20:40:34,SOLUSDT,bid,125,13577.0
2024-09-12 20:40:34,SOLUSDT,bid,128,10143.0
2024-09-12 20:40:34,SOLUSDT,bid,130,24694.0
2024-09-12 20:40:34,SOLUSDT,ask,137,11289.0
2024-09-12 20:40:34,SOLUSDT,ask,138,8597.0
2024-09-12 20:40:34,SOLUSDT,ask,144,36233.0
2024-09-12 20:40:34,SOLUSDT,ask,145,20176.0
2024-09-12 20:40:34,SOLUSDT,ask,146,16814.0
2024-09-12 20:40:34,SOLUSDT,ask,147,8165.0
2024-09-12 20:40:35,SOLUSDT,ask,145,13962.0
2024-09-12 20:40:55,SOLUSDT,bid,128,11354.0
2024-09-12 20:41:31,SOLUSDT,bid,125,13557.0
2024-09-12 20:41:48,SOLUSDT,bid,120,12900.0
2024-09-12 20:41:56,SOLUSDT,ask,138,8526.0
2024-09-12 20:42:05,SOLUSDT,bid,128,11356.0
2024-09-12 20:42:11,SOLUSDT,bid,128,11354.0
2024-09-12 20:42:11,SOLUSDT,ask,145,20183.0
2024-09-12 20:42:19,SOLUSDT,bid,131,10265.0
2024-09-12 20:42:20,SOLUSDT,bid,133,8237.0
2024-09-12 20:42:20,SOLUSDT,ask,138,10264.0
2024-09-12 20:42:20,SOLUSDT,ask,136,8212.0
2024-09-12 20:42:20,SOLUSDT,bid,125,13549.0
2024-09-12 20:42:33,SOLUSDT,bid,120,12875.0
2024-09-12 20:42:48,SOLUSDT,ask,138,8560.0
2024-09-12 20:42:55,SOLUSDT,bid,131,8060.0
2024-09-12 20:42:59,SOLUSDT,bid,122,16116.0
2024-09-12 20:43:12,SOLUSDT,bid,128,11353.0
2024-09-12 20:43:13,SOLUSDT,ask,136,8260.0
2024-09-12 20:43:13,SOLUSDT,ask,136,8212.0
2024-09-12 20:43:14,SOLUSDT,bid,128,11340.0
2024-09-12 20:43:18,SOLUSDT,bid,132,18980.0
2024-09-12 20:43:40,SOLUSDT,bid,133,8237.0
2024-09-12 20:43:41,SOLUSDT,bid,133,8285.0
2024-09-12 20:43:41,SOLUSDT,bid,133,8237.0
2024-09-12 20:43:41,SOLUSDT,bid,133,8285.0
2024-09-12 20:43:41,SOLUSDT,bid,133,8237.0
2024-09-12 20:43:42,SOLUSDT,bid,133,8285.0
2024-09-12 20:43:42,SOLUSDT,bid,133,8237.0
2024-09-12 20:43:42,SOLUSDT,ask,138,8571.0
2024-09-12 20:43:53,SOLUSDT,ask,137,12311.0
2024-09-12 20:44:07,SOLUSDT,bid,133,7526.0
2024-09-12 20:44:10,SOLUSDT,ask,136,8260.0
2024-09-12 20:44:19,SOLUSDT,bid,133,7574.0
2024-09-12 20:44:19,SOLUSDT,bid,133,7622.0
2024-09-12 20:44:20,SOLUSDT,ask,138,8622.0
2024-09-12 20:44:21,SOLUSDT,bid,133,7526.0
2024-09-12 20:44:27,SOLUSDT,bid,130,24794.0
2024-09-12 20:44:29,SOLUSDT,bid,133,7574.0
2024-09-12 20:44:29,SOLUSDT,bid,133,7526.0
2024-09-12 20:44:32,SOLUSDT,ask,138,8586.0
2024-09-12 20:45:07,SOLUSDT,ask,138,8535.0
2024-09-12 20:45:21,SOLUSDT,ask,137,12391.0
2024-09-12 20:45:28,SOLUSDT,bid,123,8327.0
2024-09-12 20:45:41,SOLUSDT,bid,133,8253.0
2024-09-12 20:45:52,SOLUSDT,bid,112,15201.0
2024-09-12 20:45:59,SOLUSDT,bid,133,7532.0
2024-09-12 20:46:23,SOLUSDT,bid,130,24814.0
2024-09-12 20:46:25,SOLUSDT,bid,120,12867.0
2024-09-12 20:46:33,SOLUSDT,bid,130,24812.0
2024-09-12 20:46:34,SOLUSDT,bid,132,19093.0
2024-09-12 20:46:36,SOLUSDT,bid,130,24814.0
2024-09-12 20:46:44,SOLUSDT,bid,110,26608.0
2024-09-12 20:46:47,SOLUSDT,bid,133,8237.0
2024-09-12 20:47:01,SOLUSDT,bid,130,24793.0
2024-09-12 20:47:07,SOLUSDT,ask,145,20176.0
2024-09-12 20:47:13,SOLUSDT,bid,132,18980.0
2024-09-12 20:47:14,SOLUSDT,bid,133,7632.0
2024-09-12 20:47:14,SOLUSDT,bid,133,7631.0
2024-09-12 20:47:22,SOLUSDT,ask,137,12431.0
2024-09-12 20:47:24,SOLUSDT,bid,133,7532.0
2024-09-12 20:47:24,SOLUSDT,bid,120,12866.0
2024-09-12 20:47:24,SOLUSDT,bid,125,13548.0
2024-09-12 20:47:24,SOLUSDT,bid,130,24792.0
2024-09-12 20:47:25,SOLUSDT,bid,132,12021.0
2024-09-12 20:47:26,SOLUSDT,bid,128,11440.0
2024-09-12 20:47:27,SOLUSDT,ask,138,8494.0
2024-09-12 20:47:28,SOLUSDT,ask,138,8444.0
2024-09-12 20:47:29,SOLUSDT,ask,147,8184.0
2024-09-12 20:47:51,SOLUSDT,bid,133,8244.0
2024-09-12 20:47:57,SOLUSDT,bid,130,24815.0
2024-09-12 20:47:57,SOLUSDT,bid,133,8237.0
2024-09-12 20:48:37,SOLUSDT,bid,133,8754.0
2024-09-12 20:48:39,SOLUSDT,ask,138,8410.0
2024-09-12 20:48:59,SOLUSDT,bid,130,24814.0
2024-09-12 20:49:00,SOLUSDT,bid,128,11459.0
2024-09-12 20:49:00,SOLUSDT,ask,137,12429.0
2024-09-12 20:49:03,SOLUSDT,bid,110,26613.0
2024-09-12 20:49:15,SOLUSDT,bid,133,8237.0
2024-09-12 20:49:16,SOLUSDT,bid,133,8239.0
2024-09-12 20:49:16,SOLUSDT,bid,133,8237.0
2024-09-12 20:49:16,SOLUSDT,bid,133,8239.0
2024-09-12 20:49:24,SOLUSDT,bid,133,8237.0
2024-09-12 20:49:32,SOLUSDT,bid,128,11469.0
2024-09-12 20:49:33,SOLUSDT,bid,130,24812.0
2024-09-12 20:49:34,SOLUSDT,bid,130,24813.0
2024-09-12 20:49:45,SOLUSDT,bid,128,11465.0
2024-09-12 20:49:48,SOLUSDT,bid,128,11466.0
2024-09-12 20:49:53,SOLUSDT,bid,110,26612.0
2024-09-12 20:49:53,SOLUSDT,bid,120,12865.0
2024-09-12 20:49:53,SOLUSDT,bid,130,24812.0
2024-09-12 20:50:00,SOLUSDT,ask,137,12129.0
