2024-08-28 07:01:36,BTCUSDT,bid,47300,804.522
2024-08-28 07:04:18,BTCUSDT,bid,47000,877.394
2024-08-28 07:04:28,BTCUSDT,bid,47000,877.388
2024-08-28 07:06:47,BTCUSDT,bid,47000,876.75
2024-08-28 07:08:35,BTCUSDT,bid,47000,877.175
2024-08-28 07:10:15,BTCUSDT,bid,47300,804.944
2024-08-28 07:11:40,BTCUSDT,bid,47300,804.956
2024-08-28 07:25:01,BTCUSDT,bid,47000,877.153
2024-08-28 07:32:55,BTCUSDT,bid,47000,877.189
2024-08-28 07:42:46,BTCUSDT,bid,47000,877.186
2024-08-28 07:46:45,BTCUSDT,bid,47300,805.056
2024-08-28 07:52:27,BTCUSDT,bid,47000,877.183
2024-08-28 08:04:47,BTCUSDT,bid,47000,877.162
2024-08-28 08:05:17,BTCUSDT,bid,57500,634.247
2024-08-28 08:05:31,BTCUSDT,bid,57500,634.255
2024-08-28 08:05:33,BTCUSDT,bid,57500,634.348
2024-08-28 08:05:48,BTCUSDT,bid,57500,634.372
2024-08-28 08:07:39,BTCUSDT,bid,57500,634.363
2024-08-28 08:07:50,BTCUSDT,bid,57500,634.373
2024-08-28 08:08:04,BTCUSDT,bid,57500,634.403
2024-08-28 08:08:22,BTCUSDT,bid,57500,634.379
2024-08-28 08:08:35,BTCUSDT,bid,57500,634.387
2024-08-28 08:08:54,BTCUSDT,bid,57500,634.392
2024-08-28 08:09:19,BTCUSDT,bid,57500,634.4
2024-08-28 08:09:35,BTCUSDT,bid,57500,634.388
2024-08-28 08:09:46,BTCUSDT,bid,57500,634.38
2024-08-28 08:10:40,BTCUSDT,bid,57500,634.382
2024-08-28 08:10:58,BTCUSDT,bid,57500,634.402
2024-08-28 08:11:19,BTCUSDT,bid,57500,634.404
2024-08-28 08:11:53,BTCUSDT,bid,57500,634.335
2024-08-28 08:12:02,BTCUSDT,bid,57500,634.327
2024-08-28 08:12:08,BTCUSDT,bid,57500,634.695
2024-08-28 08:12:16,BTCUSDT,bid,57500,634.795
2024-08-28 08:12:34,BTCUSDT,bid,57500,634.814
2024-08-28 08:13:03,BTCUSDT,bid,57500,634.831
2024-08-28 08:13:08,BTCUSDT,bid,57500,634.944
2024-08-28 08:14:26,BTCUSDT,bid,47000,877.171
2024-08-28 08:15:17,BTCUSDT,bid,57500,634.946
2024-08-28 08:15:17,BTCUSDT,bid,57500,634.944
2024-08-28 08:15:43,BTCUSDT,bid,57500,634.954
2024-08-28 08:16:30,BTCUSDT,bid,57500,634.976
2024-08-28 08:16:51,BTCUSDT,bid,57500,634.978
2024-08-28 08:16:58,BTCUSDT,bid,57500,634.976
2024-08-28 08:17:06,BTCUSDT,bid,57500,634.974
2024-08-28 08:17:24,BTCUSDT,bid,57500,634.976
2024-08-28 08:17:29,BTCUSDT,bid,47000,877.186
2024-08-28 08:19:41,BTCUSDT,bid,57500,635.011
2024-08-28 08:19:54,BTCUSDT,bid,57500,635.019
2024-08-28 08:20:41,BTCUSDT,bid,57500,635.022
2024-08-28 08:21:23,BTCUSDT,bid,57500,635.02
2024-08-28 08:21:37,BTCUSDT,bid,57500,634.958
2024-08-28 08:21:52,BTCUSDT,bid,57500,634.871
2024-08-28 08:22:07,BTCUSDT,bid,57500,634.402
2024-08-28 08:22:13,BTCUSDT,bid,57500,634.408
2024-08-28 08:22:14,BTCUSDT,bid,57500,634.29
2024-08-28 08:23:00,BTCUSDT,bid,57500,634.352
2024-08-28 08:23:15,BTCUSDT,bid,47000,877.207
2024-08-28 08:25:24,BTCUSDT,bid,57500,634.36
2024-08-28 08:26:08,BTCUSDT,bid,47000,876.207
2024-08-28 08:27:06,BTCUSDT,bid,57500,634.364
2024-08-28 08:28:19,BTCUSDT,bid,57500,634.214
2024-08-28 08:28:22,BTCUSDT,bid,57500,634.194
2024-08-28 08:29:06,BTCUSDT,bid,57500,634.223
2024-08-28 08:29:30,BTCUSDT,bid,57500,634.218
2024-08-28 08:29:59,BTCUSDT,bid,57500,634.223
2024-08-28 08:30:17,BTCUSDT,bid,57500,634.121
2024-08-28 08:31:05,BTCUSDT,bid,57500,634.115
2024-08-28 08:31:22,BTCUSDT,bid,57500,635.115
2024-08-28 08:31:29,BTCUSDT,bid,57500,635.233
2024-08-28 08:31:51,BTCUSDT,bid,57500,635.225
2024-08-28 08:31:55,BTCUSDT,bid,57500,635.227
2024-08-28 08:33:49,BTCUSDT,bid,57500,635.313
2024-08-28 08:33:58,BTCUSDT,bid,57500,635.319
2024-08-28 08:34:54,BTCUSDT,bid,57500,635.405
2024-08-28 08:34:57,BTCUSDT,bid,57500,635.221
2024-08-28 08:35:04,BTCUSDT,bid,57500,630.221
2024-08-28 08:35:33,BTCUSDT,bid,47000,876.192
2024-08-28 08:35:45,BTCUSDT,bid,57500,630.193
2024-08-28 08:38:00,BTCUSDT,bid,57500,630.179
2024-08-28 08:38:13,BTCUSDT,bid,57500,630.176
2024-08-28 08:39:06,BTCUSDT,bid,57500,630.603
2024-08-28 08:39:13,BTCUSDT,bid,57500,630.656
2024-08-28 08:39:53,BTCUSDT,bid,57500,630.658
2024-08-28 08:39:54,BTCUSDT,bid,57500,630.661
2024-08-28 08:39:55,BTCUSDT,bid,47000,876.222
2024-08-28 08:39:55,BTCUSDT,bid,57500,630.234
2024-08-28 08:40:26,BTCUSDT,bid,57500,630.277
2024-08-28 08:40:51,BTCUSDT,bid,57500,630.283
2024-08-28 08:40:59,BTCUSDT,bid,57500,630.286
2024-08-28 08:41:06,BTCUSDT,bid,57500,630.243
2024-08-28 08:41:08,BTCUSDT,bid,57500,630.258
2024-08-28 08:41:44,BTCUSDT,bid,57500,630.357
2024-08-28 08:41:55,BTCUSDT,bid,57500,630.365
2024-08-28 08:42:13,BTCUSDT,bid,57500,630.353
2024-08-28 08:42:23,BTCUSDT,bid,57500,630.361
2024-08-28 08:42:27,BTCUSDT,bid,57500,630.702
2024-08-28 08:42:28,BTCUSDT,bid,57500,630.788
2024-08-28 08:42:34,BTCUSDT,bid,57500,630.786
2024-08-28 08:43:08,BTCUSDT,bid,57500,630.789
2024-08-28 08:43:13,BTCUSDT,bid,57500,630.493
2024-08-28 08:43:26,BTCUSDT,bid,47000,876.192
2024-08-28 08:43:44,BTCUSDT,bid,57500,631.014
2024-08-28 08:44:32,BTCUSDT,bid,47300,805.056
2024-08-28 08:44:34,BTCUSDT,bid,47300,805.06
2024-08-28 08:44:34,BTCUSDT,bid,47300,805.056
2024-08-28 08:44:35,BTCUSDT,bid,47300,805.056
2024-08-28 08:44:35,BTCUSDT,bid,47300,805.056
2024-08-28 08:44:36,BTCUSDT,bid,47300,805.056
2024-08-28 08:44:37,BTCUSDT,bid,47300,805.06
2024-08-28 08:44:37,BTCUSDT,bid,47300,805.056
2024-08-28 08:44:38,BTCUSDT,bid,57500,630.915
2024-08-28 08:44:39,BTCUSDT,bid,47300,805.056
2024-08-28 08:44:40,BTCUSDT,bid,47300,805.056
2024-08-28 08:44:41,BTCUSDT,bid,47300,805.06
2024-08-28 08:44:41,BTCUSDT,bid,47300,805.056
2024-08-28 08:45:25,BTCUSDT,bid,57500,631.088
2024-08-28 08:45:26,BTCUSDT,bid,57500,631.321
2024-08-28 08:45:27,BTCUSDT,bid,57500,631.313
2024-08-28 08:45:47,BTCUSDT,bid,57500,631.47
2024-08-28 08:46:46,BTCUSDT,bid,57500,631.237
2024-08-28 08:47:23,BTCUSDT,bid,57500,631.47
2024-08-28 08:47:53,BTCUSDT,bid,57500,631.462
2024-08-28 08:48:10,BTCUSDT,bid,57500,631.433
2024-08-28 08:48:53,BTCUSDT,bid,57500,631.105
2024-08-28 08:49:50,BTCUSDT,bid,57500,631.107
2024-08-28 08:50:33,BTCUSDT,bid,57500,631.116
2024-08-28 08:50:58,BTCUSDT,bid,57500,631.118
2024-08-28 08:51:32,BTCUSDT,bid,57500,631.12
2024-08-28 08:54:04,BTCUSDT,bid,57500,631.122
2024-08-28 08:54:34,BTCUSDT,bid,57500,632.122
2024-08-28 08:54:47,BTCUSDT,bid,57500,632.254
2024-08-28 08:55:02,BTCUSDT,bid,57500,632.251
2024-08-28 08:55:05,BTCUSDT,bid,57500,632.264
2024-08-28 08:55:20,BTCUSDT,bid,57500,632.244
2024-08-28 08:55:24,BTCUSDT,bid,57500,632.087
2024-08-28 08:56:32,BTCUSDT,bid,57500,632.131
2024-08-28 08:56:37,BTCUSDT,bid,57500,632.165
2024-08-28 08:57:30,BTCUSDT,bid,57500,632.155
2024-08-28 08:58:16,BTCUSDT,bid,57500,632.137
2024-08-28 08:58:26,BTCUSDT,bid,57500,632.135
2024-08-28 08:59:37,BTCUSDT,bid,57500,632.138
2024-08-28 08:59:43,BTCUSDT,bid,57500,632.14
2024-08-28 09:00:11,BTCUSDT,bid,57500,632.212
2024-08-28 09:00:12,BTCUSDT,bid,57500,632.21
2024-08-28 09:00:24,BTCUSDT,bid,57500,632.204
2024-08-28 09:00:52,BTCUSDT,bid,57500,632.22
2024-08-28 09:01:45,BTCUSDT,bid,57500,632.222
2024-08-28 09:02:23,BTCUSDT,bid,57500,632.232
2024-08-28 09:03:22,BTCUSDT,bid,57500,632.212
2024-08-28 09:03:29,BTCUSDT,bid,47000,875.554
2024-08-28 09:04:10,BTCUSDT,bid,57500,632.215
2024-08-28 09:04:20,BTCUSDT,bid,57500,632.213
2024-08-28 09:04:24,BTCUSDT,bid,57500,632.207
2024-08-28 09:06:13,BTCUSDT,bid,57500,632.205
2024-08-28 09:07:42,BTCUSDT,bid,57500,632.207
2024-08-28 09:08:19,BTCUSDT,bid,57500,631.974
2024-08-28 09:08:35,BTCUSDT,bid,57500,631.983
2024-08-28 09:08:51,BTCUSDT,bid,57500,631.999
2024-08-28 09:09:56,BTCUSDT,bid,57500,631.994
2024-08-28 09:10:23,BTCUSDT,bid,57500,631.989
2024-08-28 09:10:46,BTCUSDT,bid,57500,631.985
2024-08-28 09:10:56,BTCUSDT,bid,57500,632.002
2024-08-28 09:11:03,BTCUSDT,bid,57500,631.916
2024-08-28 09:11:12,BTCUSDT,bid,57500,631.92
2024-08-28 09:11:21,BTCUSDT,bid,57500,631.912
2024-08-28 09:11:26,BTCUSDT,bid,57500,631.987
2024-08-28 09:11:37,BTCUSDT,bid,57500,631.984
2024-08-28 09:12:02,BTCUSDT,bid,57500,632.001
2024-08-28 09:12:30,BTCUSDT,bid,57500,631.997
2024-08-28 09:13:15,BTCUSDT,bid,57500,632.047
2024-08-28 09:14:17,BTCUSDT,bid,57500,632.147
2024-08-28 09:14:21,BTCUSDT,bid,57500,632.144
2024-08-28 09:15:28,BTCUSDT,bid,57500,632.131
2024-08-28 09:15:50,BTCUSDT,bid,57500,632.153
2024-08-28 09:17:43,BTCUSDT,bid,57500,631.785
2024-08-28 09:18:24,BTCUSDT,bid,47000,875.639
2024-08-28 09:18:51,BTCUSDT,bid,57500,631.776
2024-08-28 09:20:13,BTCUSDT,bid,57500,631.773
2024-08-28 09:20:29,BTCUSDT,bid,57500,631.771
2024-08-28 09:21:37,BTCUSDT,bid,47000,876.518
2024-08-28 09:22:26,BTCUSDT,bid,57500,631.788
2024-08-28 09:22:27,BTCUSDT,bid,47000,875.639
2024-08-28 09:23:26,BTCUSDT,bid,57500,631.79
2024-08-28 09:23:45,BTCUSDT,bid,57500,631.785
2024-08-28 09:24:11,BTCUSDT,bid,57500,631.783
2024-08-28 09:24:24,BTCUSDT,bid,57500,630.425
2024-08-28 09:26:01,BTCUSDT,bid,57500,630.423
2024-08-28 09:26:07,BTCUSDT,bid,57500,630.455
2024-08-28 09:26:21,BTCUSDT,bid,57500,630.58
2024-08-28 09:26:23,BTCUSDT,bid,47000,875.643
2024-08-28 09:26:26,BTCUSDT,bid,57500,630.813
2024-08-28 09:26:34,BTCUSDT,bid,57500,630.781
2024-08-28 09:27:00,BTCUSDT,bid,57500,630.681
2024-08-28 09:27:34,BTCUSDT,bid,57500,630.448
2024-08-28 09:27:34,BTCUSDT,bid,57500,630.517
2024-08-28 09:27:45,BTCUSDT,bid,57500,630.519
2024-08-28 09:28:02,BTCUSDT,bid,57500,630.635
2024-08-28 09:28:10,BTCUSDT,bid,57500,630.643
2024-08-28 09:28:14,BTCUSDT,bid,57500,630.518
2024-08-28 09:28:50,BTCUSDT,bid,57500,630.171
2024-08-28 09:29:38,BTCUSDT,bid,57500,630.16
2024-08-28 09:29:52,BTCUSDT,bid,57500,630.158
2024-08-28 09:30:29,BTCUSDT,bid,57500,630.168
2024-08-28 09:32:12,BTCUSDT,bid,57500,630.052
2024-08-28 09:32:32,BTCUSDT,bid,47000,875.667
2024-08-28 09:32:32,BTCUSDT,bid,57500,630.072
2024-08-28 09:32:59,BTCUSDT,bid,57500,630.045
2024-08-28 09:34:03,BTCUSDT,bid,47000,875.672
2024-08-28 09:34:27,BTCUSDT,bid,57500,630.079
2024-08-28 09:35:55,BTCUSDT,bid,57500,630.083
2024-08-28 09:36:07,BTCUSDT,bid,57500,630.07
2024-08-28 09:36:59,BTCUSDT,bid,57500,629.892
2024-08-28 09:38:16,BTCUSDT,bid,57500,629.875
2024-08-28 09:39:24,BTCUSDT,bid,57500,629.892
2024-08-28 09:41:01,BTCUSDT,bid,57500,629.894
2024-08-28 09:41:16,BTCUSDT,bid,57500,629.914
2024-08-28 09:41:23,BTCUSDT,bid,57500,629.764
2024-08-28 09:42:34,BTCUSDT,bid,57500,632.764
2024-08-28 09:42:44,BTCUSDT,bid,57500,632.781
2024-08-28 09:43:26,BTCUSDT,bid,57500,632.764
2024-08-28 09:44:36,BTCUSDT,bid,57500,632.798
2024-08-28 09:45:10,BTCUSDT,bid,57500,632.805
2024-08-28 09:46:18,BTCUSDT,bid,57500,632.937
2024-08-28 09:46:30,BTCUSDT,bid,57500,632.963
2024-08-28 09:46:35,BTCUSDT,bid,57500,632.892
2024-08-28 09:46:54,BTCUSDT,bid,57500,632.9
2024-08-28 09:47:36,BTCUSDT,bid,57500,632.414
2024-08-28 09:50:16,BTCUSDT,bid,57500,632.432
2024-08-28 09:51:01,BTCUSDT,bid,57500,632.484
2024-08-28 09:53:11,BTCUSDT,bid,47000,875.669
2024-08-28 09:55:51,BTCUSDT,bid,57500,632.474
2024-08-28 09:57:56,BTCUSDT,bid,57500,632.72
2024-08-28 09:59:43,BTCUSDT,bid,57500,632.718
2024-08-28 10:01:05,BTCUSDT,bid,57500,632.652
2024-08-28 10:01:07,BTCUSDT,bid,57500,632.679
2024-08-28 10:01:30,BTCUSDT,bid,57500,632.683
2024-08-28 10:01:32,BTCUSDT,bid,57500,632.691
2024-08-28 10:01:40,BTCUSDT,bid,57500,632.694
2024-08-28 10:01:54,BTCUSDT,bid,57500,632.676
2024-08-28 10:04:47,BTCUSDT,bid,57500,633.954
2024-08-28 10:04:51,BTCUSDT,bid,57500,633.946
2024-08-28 10:04:59,BTCUSDT,bid,57500,633.943
2024-08-28 10:05:35,BTCUSDT,bid,57500,633.95
2024-08-28 10:06:29,BTCUSDT,bid,57500,633.953
2024-08-28 10:08:54,BTCUSDT,bid,57500,633.951
2024-08-28 10:09:19,BTCUSDT,bid,57500,633.45
2024-08-28 10:10:04,BTCUSDT,bid,57500,633.395
2024-08-28 10:10:58,BTCUSDT,bid,57500,633.282
2024-08-28 10:11:17,BTCUSDT,bid,57500,632.847
2024-08-28 10:12:24,BTCUSDT,bid,57500,633.847
2024-08-28 10:13:43,BTCUSDT,bid,57500,633.674
2024-08-28 10:15:00,BTCUSDT,bid,57500,633.672
2024-08-28 10:15:45,BTCUSDT,bid,57500,633.67
2024-08-28 10:16:20,BTCUSDT,bid,57500,633.752
2024-08-28 10:16:25,BTCUSDT,bid,57500,633.67
2024-08-28 10:18:00,BTCUSDT,bid,57500,633.636
2024-08-28 10:18:49,BTCUSDT,bid,47000,875.571
2024-08-28 10:19:54,BTCUSDT,bid,57500,633.639
2024-08-28 10:20:05,BTCUSDT,bid,47000,875.573
2024-08-28 10:20:17,BTCUSDT,bid,57500,633.626
2024-08-28 10:20:36,BTCUSDT,bid,57500,633.624
2024-08-28 10:20:49,BTCUSDT,bid,57500,633.856
2024-08-28 10:21:17,BTCUSDT,bid,57500,633.852
2024-08-28 10:21:26,BTCUSDT,bid,57500,633.861
2024-08-28 10:23:53,BTCUSDT,bid,57500,633.842
2024-08-28 10:24:57,BTCUSDT,bid,57500,633.847
2024-08-28 10:26:08,BTCUSDT,bid,57500,630.847
2024-08-28 10:26:48,BTCUSDT,bid,57500,630.813
2024-08-28 10:28:10,BTCUSDT,bid,57500,630.823
2024-08-28 10:30:01,BTCUSDT,bid,57500,630.322
2024-08-28 10:30:20,BTCUSDT,bid,57500,630.448
2024-08-28 10:30:58,BTCUSDT,bid,57500,630.447
2024-08-28 10:31:39,BTCUSDT,bid,57500,630.452
2024-08-28 10:33:01,BTCUSDT,bid,57500,629.952
2024-08-28 10:33:29,BTCUSDT,bid,57500,629.949
2024-08-28 10:36:51,BTCUSDT,bid,57500,629.776
2024-08-28 10:37:17,BTCUSDT,bid,57500,629.778
2024-08-28 10:37:31,BTCUSDT,bid,57500,629.778
2024-08-28 10:37:31,BTCUSDT,bid,57500,629.778
2024-08-28 10:37:31,BTCUSDT,bid,57500,629.778
2024-08-28 10:37:31,BTCUSDT,bid,57500,629.778
2024-08-28 10:37:32,BTCUSDT,bid,57500,629.778
2024-08-28 10:37:40,BTCUSDT,bid,57500,629.768
2024-08-28 10:39:13,BTCUSDT,bid,57500,629.765
2024-08-28 10:39:52,BTCUSDT,bid,57500,629.763
2024-08-28 10:39:53,BTCUSDT,bid,57500,629.759
2024-08-28 10:39:58,BTCUSDT,bid,57500,631.237
2024-08-28 10:39:58,BTCUSDT,bid,57500,631.187
2024-08-28 10:40:20,BTCUSDT,bid,57500,631.2
2024-08-28 10:42:02,BTCUSDT,bid,57500,631.373
2024-08-28 10:42:06,BTCUSDT,bid,57500,631.2
2024-08-28 10:42:19,BTCUSDT,bid,57500,631.373
2024-08-28 10:42:33,BTCUSDT,bid,47000,875.526
2024-08-28 10:44:24,BTCUSDT,bid,57500,631.372
2024-08-28 10:44:52,BTCUSDT,bid,57500,631.37
2024-08-28 10:46:30,BTCUSDT,bid,47000,875.521
2024-08-28 10:47:07,BTCUSDT,bid,47000,875.528
2024-08-28 10:47:08,BTCUSDT,bid,57500,631.37
2024-08-28 10:47:09,BTCUSDT,bid,57500,631.37
2024-08-28 10:47:09,BTCUSDT,bid,57500,631.37
2024-08-28 10:47:09,BTCUSDT,bid,57500,631.37
2024-08-28 10:47:09,BTCUSDT,bid,57500,631.37
2024-08-28 10:47:10,BTCUSDT,bid,57500,631.37
2024-08-28 10:47:10,BTCUSDT,bid,57500,631.37
2024-08-28 10:47:10,BTCUSDT,bid,57500,631.37
2024-08-28 10:47:37,BTCUSDT,bid,57500,631.378
2024-08-28 10:48:07,BTCUSDT,bid,57500,631.39
2024-08-28 10:48:30,BTCUSDT,bid,57500,631.382
2024-08-28 10:48:42,BTCUSDT,bid,57500,631.434
2024-08-28 10:48:46,BTCUSDT,bid,47000,875.521
2024-08-28 10:49:42,BTCUSDT,bid,47000,875.531
2024-08-28 10:49:44,BTCUSDT,bid,57500,631.417
2024-08-28 10:49:50,BTCUSDT,bid,57500,631.337
2024-08-28 10:52:09,BTCUSDT,bid,57500,631.358
2024-08-28 10:52:13,BTCUSDT,bid,57500,631.346
2024-08-28 10:54:33,BTCUSDT,bid,57500,631.364
2024-08-28 10:55:12,BTCUSDT,bid,57500,631.359
2024-08-28 10:56:12,BTCUSDT,bid,57500,631.355
2024-08-28 10:56:37,BTCUSDT,bid,57500,631.358
2024-08-28 10:57:36,BTCUSDT,bid,57500,631.362
2024-08-28 10:58:50,BTCUSDT,bid,57500,631.36
2024-08-28 11:00:30,BTCUSDT,bid,57500,631.364
2024-08-28 11:05:10,BTCUSDT,bid,57500,631.356
2024-08-28 11:05:24,BTCUSDT,bid,57500,631.36
2024-08-28 11:05:43,BTCUSDT,bid,57500,631.353
2024-08-28 11:09:00,BTCUSDT,bid,57500,631.359
2024-08-28 11:09:38,BTCUSDT,bid,57500,631.357
2024-08-28 11:09:40,BTCUSDT,bid,57500,631.337
2024-08-28 11:09:59,BTCUSDT,bid,57500,631.337
2024-08-28 11:09:59,BTCUSDT,bid,57500,631.337
2024-08-28 11:10:00,BTCUSDT,bid,57500,631.337
2024-08-28 11:10:00,BTCUSDT,bid,57500,631.337
2024-08-28 11:10:00,BTCUSDT,bid,57500,631.337
2024-08-28 11:10:00,BTCUSDT,bid,57500,631.337
2024-08-28 11:10:01,BTCUSDT,bid,57500,631.337
2024-08-28 11:10:01,BTCUSDT,bid,57500,631.337
2024-08-28 11:10:01,BTCUSDT,bid,57500,631.339
2024-08-28 11:10:01,BTCUSDT,bid,57500,631.337
2024-08-28 11:10:01,BTCUSDT,bid,57500,631.337
2024-08-28 11:10:02,BTCUSDT,bid,57500,631.337
2024-08-28 11:10:02,BTCUSDT,bid,57500,631.337
2024-08-28 11:10:02,BTCUSDT,bid,57500,631.337
2024-08-28 11:10:03,BTCUSDT,bid,57500,631.337
2024-08-28 11:10:03,BTCUSDT,bid,57500,631.337
2024-08-28 11:10:03,BTCUSDT,bid,57500,631.339
2024-08-28 11:10:03,BTCUSDT,bid,57500,631.337
2024-08-28 11:10:03,BTCUSDT,bid,57500,631.337
2024-08-28 11:10:49,BTCUSDT,bid,57500,631.355
2024-08-28 11:11:49,BTCUSDT,bid,57500,631.359
2024-08-28 11:13:14,BTCUSDT,bid,57500,631.411
2024-08-28 11:13:41,BTCUSDT,bid,57500,631.256
2024-08-28 11:14:50,BTCUSDT,bid,57500,631.204
2024-08-28 11:15:10,BTCUSDT,bid,57500,631.206
2024-08-28 11:15:32,BTCUSDT,bid,57500,631.204
2024-08-28 11:17:36,BTCUSDT,bid,57500,631.202
2024-08-28 11:17:53,BTCUSDT,bid,57500,631.189
2024-08-28 11:17:56,BTCUSDT,bid,57500,631.187
2024-08-28 11:17:56,BTCUSDT,bid,57500,631.226
2024-08-28 11:18:01,BTCUSDT,bid,57500,631.278
2024-08-28 11:18:03,BTCUSDT,bid,57500,631.284
2024-08-28 11:18:38,BTCUSDT,bid,57500,631.346
2024-08-28 11:18:49,BTCUSDT,bid,57500,631.35
2024-08-28 11:19:34,BTCUSDT,bid,57500,631.317
2024-08-28 11:19:36,BTCUSDT,bid,57500,631.265
2024-08-28 11:20:25,BTCUSDT,bid,57500,631.213
2024-08-28 11:20:34,BTCUSDT,bid,57500,631.245
2024-08-28 11:21:08,BTCUSDT,bid,57500,631.592
2024-08-28 11:22:04,BTCUSDT,bid,57500,631.762
2024-08-28 11:22:18,BTCUSDT,bid,47300,805.062
2024-08-28 11:22:33,BTCUSDT,bid,57500,631.592
2024-08-28 11:23:24,BTCUSDT,bid,57500,631.603
2024-08-28 11:24:26,BTCUSDT,bid,57500,631.593
2024-08-28 11:24:31,BTCUSDT,bid,57500,631.679
2024-08-28 11:24:49,BTCUSDT,bid,57500,631.693
2024-08-28 11:25:35,BTCUSDT,bid,57500,631.706
2024-08-28 11:26:02,BTCUSDT,bid,57500,631.704
2024-08-28 11:26:20,BTCUSDT,bid,57500,631.7
2024-08-28 11:26:21,BTCUSDT,bid,47000,877.658
2024-08-28 11:27:30,BTCUSDT,bid,57500,632.134
2024-08-28 11:27:53,BTCUSDT,bid,57500,632.107
2024-08-28 11:28:48,BTCUSDT,bid,57500,632.124
2024-08-28 11:28:49,BTCUSDT,bid,57500,632.107
2024-08-28 11:30:32,BTCUSDT,bid,57500,632.246
2024-08-28 11:33:40,BTCUSDT,bid,57500,632.253
2024-08-28 11:36:43,BTCUSDT,bid,57500,631.819
2024-08-28 11:37:11,BTCUSDT,bid,57500,631.819
2024-08-28 11:37:12,BTCUSDT,bid,57500,631.819
2024-08-28 11:37:12,BTCUSDT,bid,57500,631.819
2024-08-28 11:37:29,BTCUSDT,bid,57500,631.819
2024-08-28 11:37:29,BTCUSDT,bid,57500,631.819
2024-08-28 11:37:29,BTCUSDT,bid,57500,631.819
2024-08-28 11:37:30,BTCUSDT,bid,57500,631.819
2024-08-28 11:37:30,BTCUSDT,bid,57500,631.819
2024-08-28 11:37:30,BTCUSDT,bid,57500,631.819
2024-08-28 11:37:30,BTCUSDT,bid,57500,631.819
2024-08-28 11:37:31,BTCUSDT,bid,57500,631.819
2024-08-28 11:37:31,BTCUSDT,bid,57500,631.819
2024-08-28 11:37:31,BTCUSDT,bid,57500,631.819
2024-08-28 11:37:32,BTCUSDT,bid,57500,631.819
2024-08-28 11:37:32,BTCUSDT,bid,57500,631.819
2024-08-28 11:38:55,BTCUSDT,bid,57500,632.704
2024-08-28 11:39:22,BTCUSDT,bid,57500,632.723
2024-08-28 11:39:42,BTCUSDT,bid,57500,632.637
2024-08-28 11:40:15,BTCUSDT,bid,57500,632.637
2024-08-28 11:40:15,BTCUSDT,bid,57500,632.637
2024-08-28 11:40:15,BTCUSDT,bid,57500,632.637
2024-08-28 11:40:16,BTCUSDT,bid,57500,632.637
2024-08-28 11:40:16,BTCUSDT,bid,57500,632.637
2024-08-28 11:40:16,BTCUSDT,bid,57500,632.637
2024-08-28 11:40:16,BTCUSDT,bid,57500,632.637
2024-08-28 11:40:17,BTCUSDT,bid,57500,632.637
2024-08-28 11:40:17,BTCUSDT,bid,57500,632.637
2024-08-28 11:40:17,BTCUSDT,bid,57500,632.637
2024-08-28 11:40:18,BTCUSDT,bid,57500,632.637
2024-08-28 11:40:18,BTCUSDT,bid,57500,632.637
2024-08-28 11:40:18,BTCUSDT,bid,57500,632.637
2024-08-28 11:40:18,BTCUSDT,bid,57500,632.637
2024-08-28 11:40:18,BTCUSDT,bid,57500,632.637
2024-08-28 11:40:23,BTCUSDT,bid,57500,632.637
2024-08-28 11:40:23,BTCUSDT,bid,57500,632.637
2024-08-28 11:40:23,BTCUSDT,bid,57500,632.637
2024-08-28 11:40:24,BTCUSDT,bid,57500,632.637
2024-08-28 11:40:24,BTCUSDT,bid,57500,632.637
2024-08-28 11:40:24,BTCUSDT,bid,57500,632.637
2024-08-28 11:40:25,BTCUSDT,bid,57500,632.637
2024-08-28 11:40:25,BTCUSDT,bid,57500,632.637
2024-08-28 11:40:25,BTCUSDT,bid,57500,632.637
2024-08-28 11:40:25,BTCUSDT,bid,57500,632.637
2024-08-28 11:40:26,BTCUSDT,bid,57500,632.637
2024-08-28 11:40:26,BTCUSDT,bid,57500,632.637
2024-08-28 11:40:26,BTCUSDT,bid,57500,632.637
2024-08-28 11:40:26,BTCUSDT,bid,57500,632.637
2024-08-28 11:40:40,BTCUSDT,bid,57500,632.642
2024-08-28 11:42:28,BTCUSDT,bid,57500,632.65
2024-08-28 11:44:41,BTCUSDT,bid,57500,632.7
2024-08-28 11:44:50,BTCUSDT,bid,57500,632.682
2024-08-28 11:45:28,BTCUSDT,bid,57500,632.732
2024-08-28 11:45:53,BTCUSDT,bid,57500,632.682
2024-08-28 11:49:42,BTCUSDT,bid,57500,632.665
2024-08-28 11:49:44,BTCUSDT,bid,57500,632.667
2024-08-28 11:50:06,BTCUSDT,bid,57500,632.67
2024-08-28 11:51:13,BTCUSDT,bid,57500,632.666
2024-08-28 11:51:57,BTCUSDT,bid,57500,632.747
2024-08-28 11:52:03,BTCUSDT,bid,57500,632.717
2024-08-28 11:52:05,BTCUSDT,bid,57500,632.544
2024-08-28 11:54:21,BTCUSDT,bid,57500,632.896
2024-08-28 11:55:16,BTCUSDT,bid,57500,632.902
2024-08-28 11:56:38,BTCUSDT,bid,57500,632.894
2024-08-28 11:57:19,BTCUSDT,bid,57500,632.808
2024-08-28 11:57:52,BTCUSDT,bid,57500,635.308
2024-08-28 11:57:58,BTCUSDT,bid,57500,635.288
2024-08-28 11:58:00,BTCUSDT,bid,47000,875.531
2024-08-28 11:59:01,BTCUSDT,bid,57500,635.3
2024-08-28 11:59:21,BTCUSDT,bid,57500,635.295
2024-08-28 11:59:26,BTCUSDT,bid,57500,635.174
2024-08-28 11:59:43,BTCUSDT,bid,57500,635.314
2024-08-28 12:01:27,BTCUSDT,bid,57500,635.324
2024-08-28 12:01:30,BTCUSDT,bid,57500,635.328
2024-08-28 12:01:37,BTCUSDT,bid,57500,635.762
2024-08-28 12:01:59,BTCUSDT,bid,57500,635.782
2024-08-28 12:02:05,BTCUSDT,bid,57500,635.807
2024-08-28 12:02:13,BTCUSDT,bid,57500,635.887
2024-08-28 12:02:36,BTCUSDT,bid,57500,635.872
2024-08-28 12:08:18,BTCUSDT,bid,57500,635.878
2024-08-28 12:08:35,BTCUSDT,bid,57500,635.905
2024-08-28 12:08:44,BTCUSDT,bid,57500,635.899
2024-08-28 12:09:05,BTCUSDT,bid,57500,635.896
2024-08-28 12:09:08,BTCUSDT,bid,57500,635.874
2024-08-28 12:09:10,BTCUSDT,bid,57500,635.879
2024-08-28 12:10:16,BTCUSDT,bid,57500,635.869
2024-08-28 12:11:07,BTCUSDT,bid,57500,635.899
2024-08-28 12:11:21,BTCUSDT,bid,57500,635.869
2024-08-28 12:11:21,BTCUSDT,bid,57500,635.842
2024-08-28 12:11:41,BTCUSDT,bid,57500,635.877
2024-08-28 12:14:03,BTCUSDT,bid,57500,653.9
2024-08-28 12:14:12,BTCUSDT,bid,57500,653.895
2024-08-28 12:14:14,BTCUSDT,bid,57500,653.897
2024-08-28 12:14:43,BTCUSDT,bid,57500,653.904
2024-08-28 12:14:49,BTCUSDT,bid,47000,875.661
2024-08-28 12:15:02,BTCUSDT,bid,57500,654.034
2024-08-28 12:15:53,BTCUSDT,bid,57500,654.038
2024-08-28 12:16:05,BTCUSDT,bid,57500,654.133
2024-08-28 12:16:10,BTCUSDT,bid,57500,654.141
2024-08-28 12:22:00,BTCUSDT,bid,57500,654.092
2024-08-28 12:24:14,BTCUSDT,bid,57500,654.075
2024-08-28 12:24:20,BTCUSDT,bid,57500,654.233
2024-08-28 12:25:08,BTCUSDT,bid,57500,654.183
2024-08-28 12:25:39,BTCUSDT,bid,57500,654.025
2024-08-28 12:25:43,BTCUSDT,bid,57500,653.99
2024-08-28 12:28:23,BTCUSDT,bid,57500,653.643
2024-08-28 12:29:48,BTCUSDT,bid,57500,653.645
2024-08-28 12:30:33,BTCUSDT,bid,47000,875.698
2024-08-28 12:30:52,BTCUSDT,bid,57500,653.731
2024-08-28 12:31:13,BTCUSDT,bid,57500,652.861
2024-08-28 12:31:31,BTCUSDT,bid,57500,652.866
2024-08-28 12:31:42,BTCUSDT,bid,57500,653.764
2024-08-28 12:31:42,BTCUSDT,bid,57500,653.774
2024-08-28 12:33:14,BTCUSDT,bid,57500,653.772
2024-08-28 12:33:30,BTCUSDT,bid,57500,653.84
2024-08-28 12:34:59,BTCUSDT,bid,47000,875.695
2024-08-28 12:36:23,BTCUSDT,bid,57500,653.754
2024-08-28 12:37:56,BTCUSDT,bid,57500,653.756
2024-08-28 12:42:20,BTCUSDT,bid,57500,653.75
2024-08-28 12:42:22,BTCUSDT,bid,57500,653.682
2024-08-28 12:42:33,BTCUSDT,bid,57500,653.699
2024-08-28 12:42:54,BTCUSDT,bid,57500,654.099
2024-08-28 12:47:39,BTCUSDT,bid,57500,654.095
2024-08-28 12:48:24,BTCUSDT,bid,57500,655.082
2024-08-28 12:48:46,BTCUSDT,bid,57500,655.086
2024-08-28 12:49:07,BTCUSDT,bid,57500,655.089
2024-08-28 12:50:01,BTCUSDT,bid,57500,655.085
2024-08-28 12:52:04,BTCUSDT,bid,57500,655.089
2024-08-28 12:52:10,BTCUSDT,bid,47000,875.61
2024-08-28 12:53:05,BTCUSDT,bid,57500,655.099
2024-08-28 12:53:36,BTCUSDT,bid,57500,655.089
2024-08-28 12:53:38,BTCUSDT,bid,57500,655.158
2024-08-28 12:54:27,BTCUSDT,bid,57500,655.258
2024-08-28 12:55:39,BTCUSDT,bid,57500,655.294
2024-08-28 12:55:42,BTCUSDT,bid,57500,655.225
2024-08-28 12:55:53,BTCUSDT,bid,57500,655.292
2024-08-28 12:56:28,BTCUSDT,bid,57500,655.271
2024-08-28 12:58:22,BTCUSDT,bid,57500,655.28
2024-08-28 12:58:44,BTCUSDT,bid,57500,655.286
2024-08-28 12:59:05,BTCUSDT,bid,57500,654.886
2024-08-28 13:00:49,BTCUSDT,bid,47000,875.48
2024-08-28 13:01:16,BTCUSDT,bid,47000,875.552
2024-08-28 13:02:37,BTCUSDT,bid,57500,654.888
2024-08-28 13:02:52,BTCUSDT,bid,57500,654.856
2024-08-28 13:02:52,BTCUSDT,bid,57500,654.858
2024-08-28 13:03:03,BTCUSDT,bid,57500,654.852
2024-08-28 13:03:12,BTCUSDT,bid,57500,654.872
2024-08-28 13:06:04,BTCUSDT,bid,57500,654.846
2024-08-28 13:06:36,BTCUSDT,bid,57500,654.863
2024-08-28 13:08:33,BTCUSDT,bid,57500,654.884
2024-08-28 13:09:22,BTCUSDT,bid,57500,654.882
2024-08-28 13:11:08,BTCUSDT,bid,57500,654.869
2024-08-28 13:12:19,BTCUSDT,bid,47000,875.561
2024-08-28 13:13:27,BTCUSDT,bid,57500,655.169
2024-08-28 13:14:25,BTCUSDT,bid,57500,655.255
2024-08-28 13:18:49,BTCUSDT,bid,57500,655.261
2024-08-28 13:19:40,BTCUSDT,bid,57500,652.761
2024-08-28 13:20:00,BTCUSDT,bid,57500,652.746
2024-08-28 13:20:17,BTCUSDT,bid,57500,652.727
2024-08-28 13:20:47,BTCUSDT,bid,57500,652.721
2024-08-28 13:21:20,BTCUSDT,bid,47000,875.574
2024-08-28 13:21:32,BTCUSDT,bid,57500,652.742
2024-08-28 13:22:51,BTCUSDT,bid,57500,653.089
2024-08-28 13:23:59,BTCUSDT,bid,57500,653.091
2024-08-28 13:24:49,BTCUSDT,bid,57500,653.056
2024-08-28 13:25:08,BTCUSDT,bid,57500,583.155
2024-08-28 13:25:45,BTCUSDT,bid,57500,583.15
2024-08-28 13:27:56,BTCUSDT,bid,47000,877.701
2024-08-28 13:32:26,BTCUSDT,bid,57500,583.166
2024-08-28 13:35:51,BTCUSDT,bid,57500,583.167
2024-08-28 13:36:25,BTCUSDT,bid,57500,583.227
2024-08-28 13:36:55,BTCUSDT,bid,57500,583.232
2024-08-28 13:38:07,BTCUSDT,bid,57500,583.332
2024-08-28 13:39:01,BTCUSDT,bid,57500,583.232
2024-08-28 13:40:43,BTCUSDT,bid,57500,583.442
2024-08-28 13:42:07,BTCUSDT,bid,57500,583.426
2024-08-28 13:43:05,BTCUSDT,bid,57500,583.428
2024-08-28 13:43:31,BTCUSDT,bid,47000,877.813
2024-08-28 13:44:14,BTCUSDT,bid,57500,583.426
2024-08-28 13:45:02,BTCUSDT,bid,57500,583.599
2024-08-28 13:46:13,BTCUSDT,bid,57500,583.643
2024-08-28 13:46:52,BTCUSDT,bid,57500,583.583
2024-08-28 13:47:00,BTCUSDT,bid,57500,583.601
2024-08-28 13:47:58,BTCUSDT,bid,57500,583.391
2024-08-28 13:48:30,BTCUSDT,bid,57500,583.374
2024-08-28 13:49:20,BTCUSDT,bid,57500,583.39
2024-08-28 13:49:26,BTCUSDT,bid,57500,583.407
2024-08-28 13:49:26,BTCUSDT,bid,57500,583.459
2024-08-28 13:49:54,BTCUSDT,bid,57500,583.464
2024-08-28 13:50:11,BTCUSDT,bid,57500,583.725
2024-08-28 13:50:20,BTCUSDT,bid,57500,583.7
2024-08-28 13:50:46,BTCUSDT,bid,57500,583.702
2024-08-28 13:51:06,BTCUSDT,bid,47000,878.451
2024-08-28 13:51:29,BTCUSDT,bid,57500,583.7
2024-08-28 13:51:31,BTCUSDT,bid,57500,583.704
2024-08-28 13:52:28,BTCUSDT,bid,57500,583.713
2024-08-28 13:52:36,BTCUSDT,bid,57500,583.627
2024-08-28 13:52:58,BTCUSDT,bid,47000,878.504
2024-08-28 13:53:20,BTCUSDT,bid,57500,583.611
2024-08-28 13:57:24,BTCUSDT,bid,57500,582.333
2024-08-28 13:57:41,BTCUSDT,bid,57500,582.355
2024-08-28 13:59:04,BTCUSDT,bid,57500,582.455
2024-08-28 13:59:15,BTCUSDT,bid,57500,582.655
2024-08-28 14:01:40,BTCUSDT,bid,57500,582.811
2024-08-28 14:03:11,BTCUSDT,bid,57500,582.813
2024-08-28 14:03:55,BTCUSDT,bid,57500,582.777
2024-08-28 14:05:06,BTCUSDT,bid,57500,582.785
2024-08-28 14:05:14,BTCUSDT,bid,57500,582.995
2024-08-28 14:08:19,BTCUSDT,bid,57500,582.979
2024-08-28 14:08:22,BTCUSDT,bid,57500,582.973
2024-08-28 14:09:05,BTCUSDT,bid,47000,878.57
2024-08-28 14:10:10,BTCUSDT,bid,57500,582.983
2024-08-28 14:10:23,BTCUSDT,bid,57500,582.98
2024-08-28 14:11:27,BTCUSDT,bid,57500,582.905
2024-08-28 14:11:52,BTCUSDT,bid,57500,582.907
2024-08-28 14:12:25,BTCUSDT,bid,57500,582.915
2024-08-28 14:12:34,BTCUSDT,bid,57500,583.126
2024-08-28 14:13:09,BTCUSDT,bid,57500,583.118
2024-08-28 14:13:32,BTCUSDT,bid,57500,583.121
2024-08-28 14:13:34,BTCUSDT,bid,57500,583.111
2024-08-28 14:13:36,BTCUSDT,bid,47300,805.062
2024-08-28 14:13:37,BTCUSDT,bid,47300,805.062
2024-08-28 14:13:37,BTCUSDT,bid,47300,805.062
2024-08-28 14:13:38,BTCUSDT,bid,47300,805.062
2024-08-28 14:13:39,BTCUSDT,bid,47300,805.062
2024-08-28 14:13:39,BTCUSDT,bid,47300,805.062
2024-08-28 14:14:36,BTCUSDT,bid,57500,583.128
2024-08-28 14:16:28,BTCUSDT,bid,57500,583.129
2024-08-28 14:16:35,BTCUSDT,bid,57500,583.132
2024-08-28 14:18:03,BTCUSDT,bid,57500,583.138
2024-08-28 14:18:51,BTCUSDT,bid,57500,583.158
2024-08-28 14:19:05,BTCUSDT,bid,57500,583.163
2024-08-28 14:19:40,BTCUSDT,bid,57500,583.063
2024-08-28 14:19:44,BTCUSDT,bid,57500,583.065
2024-08-28 14:19:45,BTCUSDT,bid,57500,583.926
2024-08-28 14:19:49,BTCUSDT,bid,57500,583.928
2024-08-28 14:20:09,BTCUSDT,bid,57500,583.931
2024-08-28 14:20:15,BTCUSDT,bid,57500,583.497
2024-08-28 14:20:30,BTCUSDT,bid,57500,583.063
2024-08-28 14:20:33,BTCUSDT,bid,57500,583.446
2024-08-28 14:20:35,BTCUSDT,bid,57500,583.377
2024-08-28 14:20:40,BTCUSDT,bid,57500,583.387
2024-08-28 14:21:09,BTCUSDT,bid,57500,583.398
2024-08-28 14:21:14,BTCUSDT,bid,57500,582.728
2024-08-28 14:21:18,BTCUSDT,bid,57500,582.731
2024-08-28 14:21:35,BTCUSDT,bid,57500,582.733
2024-08-28 14:21:41,BTCUSDT,bid,57500,582.751
2024-08-28 14:22:08,BTCUSDT,bid,57500,582.754
2024-08-28 14:22:34,BTCUSDT,bid,57500,582.661
2024-08-28 14:22:49,BTCUSDT,bid,57500,582.451
2024-08-28 14:23:20,BTCUSDT,bid,57500,582.453
2024-08-28 14:23:37,BTCUSDT,bid,57500,582.502
2024-08-28 14:24:30,BTCUSDT,bid,57500,582.505
2024-08-28 14:24:35,BTCUSDT,bid,57500,582.756
2024-08-28 14:24:54,BTCUSDT,bid,57500,582.759
2024-08-28 14:25:01,BTCUSDT,bid,57500,582.756
2024-08-28 14:25:15,BTCUSDT,bid,57500,582.753
2024-08-28 14:25:31,BTCUSDT,bid,57500,582.765
2024-08-28 14:25:47,BTCUSDT,bid,57500,582.767
2024-08-28 14:26:00,BTCUSDT,bid,57500,583.188
2024-08-28 14:26:22,BTCUSDT,bid,57500,583.257
2024-08-28 14:26:26,BTCUSDT,bid,57500,583.245
2024-08-28 14:26:57,BTCUSDT,bid,57500,583.265
2024-08-28 14:27:16,BTCUSDT,bid,47300,805.072
2024-08-28 14:27:33,BTCUSDT,bid,57500,583.245
2024-08-28 14:27:35,BTCUSDT,bid,57500,583.249
2024-08-28 14:27:50,BTCUSDT,bid,57500,583.245
2024-08-28 14:28:05,BTCUSDT,bid,57500,583.196
2024-08-28 14:28:20,BTCUSDT,bid,57500,583.2
2024-08-28 14:29:11,BTCUSDT,bid,57500,582.928
2024-08-28 14:29:37,BTCUSDT,bid,57500,582.93
2024-08-28 14:29:46,BTCUSDT,bid,57500,582.928
2024-08-28 14:30:10,BTCUSDT,bid,57500,582.934
2024-08-28 14:30:20,BTCUSDT,bid,57500,583.034
2024-08-28 14:30:30,BTCUSDT,bid,57500,582.173
2024-08-28 14:30:47,BTCUSDT,bid,57500,582.181
2024-08-28 14:30:52,BTCUSDT,bid,57500,582.204
2024-08-28 14:30:54,BTCUSDT,bid,57500,582.212
2024-08-28 14:31:18,BTCUSDT,bid,57500,582.215
2024-08-28 14:32:14,BTCUSDT,bid,57500,582.26
2024-08-28 14:33:03,BTCUSDT,bid,57500,581.839
2024-08-28 14:33:12,BTCUSDT,bid,57500,581.842
2024-08-28 07:00:05,BTCUSD_PERP,bid,58800,522.25
2024-08-28 07:02:34,BTCUSD_PERP,bid,58800,522.16
2024-08-28 07:02:34,BTCUSD_PERP,bid,58800,579.85
2024-08-28 07:02:35,BTCUSD_PERP,bid,58800,638.13
2024-08-28 07:02:35,BTCUSD_PERP,bid,58800,696.41
2024-08-28 07:02:35,BTCUSD_PERP,bid,58800,754.69
2024-08-28 07:02:37,BTCUSD_PERP,bid,58800,754.3
2024-08-28 07:02:38,BTCUSD_PERP,bid,58800,811.96
2024-08-28 07:04:20,BTCUSD_PERP,bid,58800,753.71
2024-08-28 07:04:21,BTCUSD_PERP,bid,58800,637.21
2024-08-28 07:04:21,BTCUSD_PERP,bid,58800,522.21
2024-08-28 07:04:21,BTCUSD_PERP,bid,58800,638.06
2024-08-28 07:05:19,BTCUSD_PERP,bid,58700,752.86
2024-08-28 07:05:39,BTCUSD_PERP,bid,58700,578.9
2024-08-28 07:05:39,BTCUSD_PERP,bid,58700,521.3
2024-08-28 07:05:39,BTCUSD_PERP,bid,58700,752.54
2024-08-28 07:05:59,BTCUSD_PERP,bid,58700,521.75
2024-08-28 07:06:16,BTCUSD_PERP,bid,58700,520.89
2024-08-28 07:06:43,BTCUSD_PERP,bid,58700,522.42
2024-08-28 07:06:43,BTCUSD_PERP,bid,58700,580.61
2024-08-28 07:06:44,BTCUSD_PERP,bid,58700,695.81
2024-08-28 07:06:44,BTCUSD_PERP,bid,58700,754.0
2024-08-28 07:07:01,BTCUSD_PERP,bid,58700,522.42
2024-08-28 07:07:01,BTCUSD_PERP,bid,58700,522.66
2024-08-28 07:07:04,BTCUSD_PERP,bid,58700,637.45
2024-08-28 07:07:04,BTCUSD_PERP,bid,58700,695.57
2024-08-28 07:07:10,BTCUSD_PERP,bid,58700,521.8
2024-08-28 07:07:31,BTCUSD_PERP,bid,58800,580.12
2024-08-28 07:07:40,BTCUSD_PERP,bid,58800,578.47
2024-08-28 07:07:41,BTCUSD_PERP,bid,58800,636.68
2024-08-28 07:08:09,BTCUSD_PERP,bid,58800,578.47
2024-08-28 07:08:09,BTCUSD_PERP,bid,58800,520.85
2024-08-28 07:08:10,BTCUSD_PERP,bid,58800,579.98
2024-08-28 07:08:10,BTCUSD_PERP,bid,58800,638.21
2024-08-28 07:08:10,BTCUSD_PERP,bid,58800,754.01
2024-08-28 07:08:10,BTCUSD_PERP,bid,58800,928.12
2024-08-28 07:08:10,BTCUSD_PERP,bid,58800,986.35
2024-08-28 07:08:10,BTCUSD_PERP,bid,58800,1044.0
2024-08-28 07:08:12,BTCUSD_PERP,bid,58800,1045.23
2024-08-28 07:08:25,BTCUSD_PERP,bid,58800,987.0
2024-08-28 07:08:25,BTCUSD_PERP,bid,58800,928.77
2024-08-28 07:08:25,BTCUSD_PERP,bid,58800,697.01
2024-08-28 07:08:25,BTCUSD_PERP,bid,58800,639.36
2024-08-28 07:08:26,BTCUSD_PERP,bid,58800,581.71
2024-08-28 07:08:31,BTCUSD_PERP,bid,58800,522.65
2024-08-28 07:08:31,BTCUSD_PERP,bid,58800,580.93
2024-08-28 07:09:03,BTCUSD_PERP,bid,58800,523.24
2024-08-28 07:09:05,BTCUSD_PERP,bid,58900,523.02
2024-08-28 07:09:05,BTCUSD_PERP,bid,58900,697.36
2024-08-28 07:09:05,BTCUSD_PERP,bid,58900,755.67
2024-08-28 07:09:05,BTCUSD_PERP,bid,58900,813.98
2024-08-28 07:09:05,BTCUSD_PERP,bid,58900,871.7
2024-08-28 07:09:06,BTCUSD_PERP,bid,58900,929.92
2024-08-28 07:09:20,BTCUSD_PERP,bid,58900,871.61
2024-08-28 07:09:20,BTCUSD_PERP,bid,58900,813.3
2024-08-28 07:09:20,BTCUSD_PERP,bid,58900,754.99
2024-08-28 07:09:21,BTCUSD_PERP,bid,58900,696.77
2024-08-28 07:09:21,BTCUSD_PERP,bid,58900,580.74
2024-08-28 07:09:21,BTCUSD_PERP,bid,58900,582.17
2024-08-28 07:09:21,BTCUSD_PERP,bid,58900,640.51
2024-08-28 07:09:40,BTCUSD_PERP,bid,58900,523.92
2024-08-28 07:09:50,BTCUSD_PERP,bid,58800,523.6
2024-08-28 07:09:51,BTCUSD_PERP,bid,58800,581.85
2024-08-28 07:10:39,BTCUSD_PERP,bid,58800,580.63
2024-08-28 07:11:55,BTCUSD_PERP,bid,42000,1061.89
2024-08-28 07:12:35,BTCUSD_PERP,bid,58800,522.38
2024-08-28 07:12:37,BTCUSD_PERP,bid,58800,580.48
2024-08-28 07:12:37,BTCUSD_PERP,bid,58800,638.18
2024-08-28 07:12:37,BTCUSD_PERP,bid,58800,696.46
2024-08-28 07:12:37,BTCUSD_PERP,bid,58800,754.16
2024-08-28 07:12:58,BTCUSD_PERP,bid,58800,579.9
2024-08-28 07:12:58,BTCUSD_PERP,bid,58800,637.91
2024-08-28 07:14:08,BTCUSD_PERP,bid,58800,521.39
2024-08-28 07:14:08,BTCUSD_PERP,bid,58800,579.65
2024-08-28 07:14:08,BTCUSD_PERP,bid,58800,695.58
2024-08-28 07:14:52,BTCUSD_PERP,bid,58800,695.1
2024-08-28 07:14:52,BTCUSD_PERP,bid,58800,753.32
2024-08-28 07:15:33,BTCUSD_PERP,bid,58700,752.84
2024-08-28 07:15:33,BTCUSD_PERP,bid,58700,811.03
2024-08-28 07:16:04,BTCUSD_PERP,bid,58700,753.43
2024-08-28 07:16:04,BTCUSD_PERP,bid,58700,637.64
2024-08-28 07:16:05,BTCUSD_PERP,bid,58700,752.44
2024-08-28 07:16:05,BTCUSD_PERP,bid,58700,810.6
2024-08-28 07:16:34,BTCUSD_PERP,bid,58700,695.46
2024-08-28 07:16:34,BTCUSD_PERP,bid,58700,521.23
2024-08-28 07:16:34,BTCUSD_PERP,bid,58700,579.35
2024-08-28 07:16:40,BTCUSD_PERP,bid,58700,585.21
2024-08-28 07:16:40,BTCUSD_PERP,bid,58700,643.37
2024-08-28 07:16:40,BTCUSD_PERP,bid,58700,700.94
2024-08-28 07:16:40,BTCUSD_PERP,bid,58700,758.51
2024-08-28 07:16:40,BTCUSD_PERP,bid,58700,873.65
2024-08-28 07:16:40,BTCUSD_PERP,bid,58700,931.81
2024-08-28 07:17:11,BTCUSD_PERP,bid,58700,521.3
2024-08-28 07:17:25,BTCUSD_PERP,bid,58800,532.0
2024-08-28 07:17:42,BTCUSD_PERP,bid,58700,636.83
2024-08-28 07:18:45,BTCUSD_PERP,bid,58700,521.24
2024-08-28 07:18:45,BTCUSD_PERP,bid,58700,636.9
2024-08-28 07:18:45,BTCUSD_PERP,bid,58700,695.02
2024-08-28 07:20:31,BTCUSD_PERP,bid,58700,636.9
2024-08-28 07:20:31,BTCUSD_PERP,bid,58700,579.36
2024-08-28 07:20:31,BTCUSD_PERP,bid,58700,521.24
2024-08-28 07:21:34,BTCUSD_PERP,bid,58600,521.03
2024-08-28 07:22:27,BTCUSD_PERP,bid,58600,636.3
2024-08-28 07:22:27,BTCUSD_PERP,bid,58600,694.36
2024-08-28 07:23:08,BTCUSD_PERP,bid,58600,578.53
2024-08-28 07:23:08,BTCUSD_PERP,bid,58600,636.56
2024-08-28 07:23:42,BTCUSD_PERP,bid,58600,579.12
2024-08-28 07:23:42,BTCUSD_PERP,bid,58500,578.23
2024-08-28 07:23:42,BTCUSD_PERP,bid,58500,636.23
2024-08-28 07:24:08,BTCUSD_PERP,bid,58500,578.82
2024-08-28 07:24:16,BTCUSD_PERP,bid,58400,518.14
2024-08-28 07:24:46,BTCUSD_PERP,bid,58500,520.7
2024-08-28 07:25:45,BTCUSD_PERP,bid,58600,520.41
2024-08-28 07:25:52,BTCUSD_PERP,bid,58500,528.71
2024-08-28 07:25:53,BTCUSD_PERP,bid,58500,586.7
2024-08-28 07:27:07,BTCUSD_PERP,bid,58600,523.14
2024-08-28 07:27:07,BTCUSD_PERP,bid,58600,580.65
2024-08-28 07:27:12,BTCUSD_PERP,bid,58600,522.56
2024-08-28 07:27:26,BTCUSD_PERP,bid,58700,520.3
2024-08-28 07:27:26,BTCUSD_PERP,bid,58700,578.45
2024-08-28 07:27:40,BTCUSD_PERP,bid,58700,520.89
2024-08-28 07:27:41,BTCUSD_PERP,bid,58700,520.58
2024-08-28 07:31:31,BTCUSD_PERP,bid,58700,520.99
2024-08-28 07:33:43,BTCUSD_PERP,bid,58700,521.26
2024-08-28 07:33:43,BTCUSD_PERP,bid,58700,579.35
2024-08-28 07:33:43,BTCUSD_PERP,bid,58700,637.53
2024-08-28 07:34:00,BTCUSD_PERP,bid,58700,521.48
2024-08-28 07:36:17,BTCUSD_PERP,bid,58700,521.71
2024-08-28 07:36:17,BTCUSD_PERP,bid,58700,579.29
2024-08-28 07:36:18,BTCUSD_PERP,bid,58700,521.12
2024-08-28 07:36:19,BTCUSD_PERP,bid,58800,521.12
2024-08-28 07:36:47,BTCUSD_PERP,bid,58700,637.16
2024-08-28 07:36:47,BTCUSD_PERP,bid,58700,695.35
2024-08-28 07:37:04,BTCUSD_PERP,bid,58700,637.16
2024-08-28 07:37:04,BTCUSD_PERP,bid,58700,578.97
2024-08-28 07:37:23,BTCUSD_PERP,bid,58800,580.24
2024-08-28 07:37:26,BTCUSD_PERP,bid,58800,695.83
2024-08-28 07:37:50,BTCUSD_PERP,bid,58800,638.18
2024-08-28 07:37:50,BTCUSD_PERP,bid,58800,579.94
2024-08-28 07:38:07,BTCUSD_PERP,bid,58800,521.7
2024-08-28 07:38:09,BTCUSD_PERP,bid,58800,579.66
2024-08-28 07:38:09,BTCUSD_PERP,bid,58800,637.93
2024-08-28 07:39:03,BTCUSD_PERP,bid,58800,695.83
2024-08-28 07:39:07,BTCUSD_PERP,bid,58800,521.7
2024-08-28 07:41:02,BTCUSD_PERP,bid,58800,580.63
2024-08-28 07:41:28,BTCUSD_PERP,bid,58800,522.97
2024-08-28 07:41:30,BTCUSD_PERP,bid,58700,521.85
2024-08-28 07:41:30,BTCUSD_PERP,bid,58700,579.94
2024-08-28 07:42:49,BTCUSD_PERP,bid,58700,579.47
2024-08-28 07:42:49,BTCUSD_PERP,bid,58700,637.59
2024-08-28 07:42:49,BTCUSD_PERP,bid,58700,695.71
2024-08-28 07:43:00,BTCUSD_PERP,bid,58700,521.94
2024-08-28 07:43:16,BTCUSD_PERP,bid,58700,809.43
2024-08-28 07:43:27,BTCUSD_PERP,bid,58700,751.9
2024-08-28 07:43:27,BTCUSD_PERP,bid,58600,867.57
2024-08-28 07:43:28,BTCUSD_PERP,bid,58600,925.06
2024-08-28 07:43:53,BTCUSD_PERP,bid,44000,1127.58
2024-08-28 07:43:54,BTCUSD_PERP,bid,58600,582.92
2024-08-28 07:43:54,BTCUSD_PERP,bid,58600,814.53
2024-08-28 07:44:01,BTCUSD_PERP,bid,42000,1061.94
2024-08-28 07:44:42,BTCUSD_PERP,ask,60300,877.24
2024-08-28 07:44:51,BTCUSD_PERP,bid,58600,699.02
2024-08-28 07:44:51,BTCUSD_PERP,bid,58600,583.51
2024-08-28 07:44:51,BTCUSD_PERP,bid,58600,526.05
2024-08-28 07:44:52,BTCUSD_PERP,bid,58600,520.91
2024-08-28 07:44:52,BTCUSD_PERP,bid,58600,578.4
2024-08-28 07:44:52,BTCUSD_PERP,bid,58600,752.05
2024-08-28 07:44:52,BTCUSD_PERP,bid,58600,810.13
2024-08-28 07:44:53,BTCUSD_PERP,bid,58600,868.21
2024-08-28 07:44:53,BTCUSD_PERP,bid,58600,926.29
2024-08-28 07:45:23,BTCUSD_PERP,bid,58600,868.21
2024-08-28 07:45:23,BTCUSD_PERP,bid,58600,810.13
2024-08-28 07:45:23,BTCUSD_PERP,bid,58600,752.64
2024-08-28 07:45:23,BTCUSD_PERP,bid,58600,636.48
2024-08-28 07:45:23,BTCUSD_PERP,bid,58600,521.5
2024-08-28 07:46:26,BTCUSD_PERP,bid,58700,520.91
2024-08-28 07:46:26,BTCUSD_PERP,bid,58700,637.1
2024-08-28 07:46:57,BTCUSD_PERP,bid,58700,578.96
2024-08-28 07:46:58,BTCUSD_PERP,bid,58700,636.2
2024-08-28 07:46:58,BTCUSD_PERP,bid,58700,694.31
2024-08-28 07:47:38,BTCUSD_PERP,bid,58700,520.56
2024-08-28 07:47:39,BTCUSD_PERP,bid,58700,520.93
2024-08-28 07:50:24,BTCUSD_PERP,bid,58700,521.12
2024-08-28 07:50:24,BTCUSD_PERP,bid,58700,579.3
2024-08-28 07:50:24,BTCUSD_PERP,bid,58700,695.06
2024-08-28 07:50:24,BTCUSD_PERP,bid,58700,810.22
2024-08-28 07:50:24,BTCUSD_PERP,bid,58700,867.8
2024-08-28 07:50:24,BTCUSD_PERP,bid,58700,925.98
2024-08-28 07:50:24,BTCUSD_PERP,bid,58700,984.16
2024-08-28 07:50:24,BTCUSD_PERP,bid,58700,1042.34
2024-08-28 07:50:38,BTCUSD_PERP,bid,58700,637.48
2024-08-28 07:55:05,BTCUSD_PERP,bid,58500,520.54
2024-08-28 07:55:05,BTCUSD_PERP,bid,58500,578.52
2024-08-28 07:55:20,BTCUSD_PERP,bid,58500,520.54
2024-08-28 07:55:21,BTCUSD_PERP,bid,58600,578.83
2024-08-28 07:56:12,BTCUSD_PERP,bid,58600,520.91
2024-08-28 07:56:12,BTCUSD_PERP,bid,58500,520.62
2024-08-28 07:56:37,BTCUSD_PERP,bid,58500,520.28
2024-08-28 07:56:37,BTCUSD_PERP,bid,58500,578.23
2024-08-28 07:57:02,BTCUSD_PERP,bid,58500,520.87
2024-08-28 08:01:32,BTCUSD_PERP,bid,58500,577.15
2024-08-28 08:01:32,BTCUSD_PERP,bid,58500,634.57
2024-08-28 08:01:43,BTCUSD_PERP,bid,58500,577.15
2024-08-28 08:01:43,BTCUSD_PERP,bid,58500,519.14
2024-08-28 08:01:45,BTCUSD_PERP,bid,58600,519.41
2024-08-28 08:01:45,BTCUSD_PERP,bid,58600,577.45
2024-08-28 08:02:02,BTCUSD_PERP,bid,58600,519.14
2024-08-28 08:02:02,BTCUSD_PERP,bid,58600,577.15
2024-08-28 08:02:15,BTCUSD_PERP,bid,58600,519.73
2024-08-28 08:02:15,BTCUSD_PERP,bid,58500,576.85
2024-08-28 08:02:15,BTCUSD_PERP,bid,58500,634.83
2024-08-28 08:02:55,BTCUSD_PERP,bid,58500,519.46
2024-08-28 08:02:55,BTCUSD_PERP,bid,58600,519.14
2024-08-28 08:02:56,BTCUSD_PERP,bid,58600,635.16
2024-08-28 08:02:56,BTCUSD_PERP,bid,58600,751.18
2024-08-28 08:03:42,BTCUSD_PERP,bid,58500,578.03
2024-08-28 08:03:42,BTCUSD_PERP,bid,58500,692.81
2024-08-28 08:03:42,BTCUSD_PERP,bid,58500,750.79
2024-08-28 08:03:49,BTCUSD_PERP,bid,58500,692.45
2024-08-28 08:03:50,BTCUSD_PERP,bid,58500,750.4
2024-08-28 08:04:20,BTCUSD_PERP,bid,58500,693.04
2024-08-28 08:04:20,BTCUSD_PERP,bid,58500,635.09
2024-08-28 08:04:21,BTCUSD_PERP,bid,58500,519.78
2024-08-28 08:04:21,BTCUSD_PERP,bid,58500,520.25
2024-08-28 08:04:21,BTCUSD_PERP,bid,58500,578.25
2024-08-28 08:04:22,BTCUSD_PERP,bid,58500,694.25
2024-08-28 08:04:22,BTCUSD_PERP,bid,58500,751.67
2024-08-28 08:04:22,BTCUSD_PERP,bid,58500,809.09
2024-08-28 08:04:22,BTCUSD_PERP,bid,58500,866.51
2024-08-28 08:04:22,BTCUSD_PERP,bid,58500,924.51
2024-08-28 08:04:22,BTCUSD_PERP,bid,58500,982.42
2024-08-28 08:05:11,BTCUSD_PERP,bid,58400,516.31
2024-08-28 08:05:11,BTCUSD_PERP,bid,58500,924.58
2024-08-28 08:05:15,BTCUSD_PERP,bid,58500,750.3
2024-08-28 08:05:21,BTCUSD_PERP,bid,58500,634.4
2024-08-28 08:05:21,BTCUSD_PERP,bid,58500,576.45
2024-08-28 08:05:21,BTCUSD_PERP,bid,58500,519.09
2024-08-28 08:05:42,BTCUSD_PERP,bid,58500,634.02
2024-08-28 08:05:42,BTCUSD_PERP,bid,58500,691.98
2024-08-28 08:06:23,BTCUSD_PERP,bid,58500,576.3
2024-08-28 08:06:23,BTCUSD_PERP,bid,58500,807.32
2024-08-28 08:06:23,BTCUSD_PERP,bid,58500,865.25
2024-08-28 08:08:15,BTCUSD_PERP,bid,58400,519.23
2024-08-28 08:08:15,BTCUSD_PERP,bid,58400,806.96
2024-08-28 08:08:15,BTCUSD_PERP,bid,58400,864.86
2024-08-28 08:09:03,BTCUSD_PERP,bid,58400,576.54
2024-08-28 08:09:11,BTCUSD_PERP,bid,58500,519.01
2024-08-28 08:09:11,BTCUSD_PERP,bid,58500,576.84
2024-08-28 08:09:19,BTCUSD_PERP,bid,58500,518.91
2024-08-28 08:09:21,BTCUSD_PERP,bid,58500,528.72
2024-08-28 08:09:21,BTCUSD_PERP,bid,58500,586.71
2024-08-28 08:09:30,BTCUSD_PERP,bid,58500,518.64
2024-08-28 08:11:11,BTCUSD_PERP,bid,58400,519.5
2024-08-28 08:11:27,BTCUSD_PERP,bid,58400,634.26
2024-08-28 08:12:02,BTCUSD_PERP,bid,58400,577.02
2024-08-28 08:12:25,BTCUSD_PERP,bid,58400,519.19
2024-08-28 08:13:26,BTCUSD_PERP,bid,58400,519.36
2024-08-28 08:13:26,BTCUSD_PERP,bid,58400,634.58
2024-08-28 08:13:27,BTCUSD_PERP,bid,58400,691.89
2024-08-28 08:14:03,BTCUSD_PERP,bid,58400,634.57
2024-08-28 08:14:03,BTCUSD_PERP,bid,58400,519.94
2024-08-28 08:15:10,BTCUSD_PERP,bid,42000,1066.73
2024-08-28 08:16:19,BTCUSD_PERP,bid,58700,521.9
2024-08-28 08:16:20,BTCUSD_PERP,bid,58700,638.14
2024-08-28 08:16:20,BTCUSD_PERP,bid,58700,695.67
2024-08-28 08:16:20,BTCUSD_PERP,bid,58700,753.2
2024-08-28 08:17:02,BTCUSD_PERP,bid,58700,695.08
2024-08-28 08:17:02,BTCUSD_PERP,bid,58600,694.13
2024-08-28 08:17:02,BTCUSD_PERP,bid,58600,751.63
2024-08-28 08:17:02,BTCUSD_PERP,bid,58600,809.72
2024-08-28 08:17:29,BTCUSD_PERP,bid,58600,694.13
2024-08-28 08:17:29,BTCUSD_PERP,bid,58600,636.04
2024-08-28 08:17:30,BTCUSD_PERP,bid,58600,578.54
2024-08-28 08:17:30,BTCUSD_PERP,bid,58600,520.45
2024-08-28 08:17:30,BTCUSD_PERP,bid,58700,578.84
2024-08-28 08:17:30,BTCUSD_PERP,bid,58700,636.96
2024-08-28 08:17:31,BTCUSD_PERP,bid,58700,752.61
2024-08-28 08:17:31,BTCUSD_PERP,bid,58700,868.26
2024-08-28 08:18:08,BTCUSD_PERP,bid,58600,693.54
2024-08-28 08:18:08,BTCUSD_PERP,bid,58600,751.63
2024-08-28 08:18:30,BTCUSD_PERP,bid,58600,636.63
2024-08-28 08:18:30,BTCUSD_PERP,bid,58600,751.89
2024-08-28 08:18:31,BTCUSD_PERP,bid,58600,809.95
2024-08-28 08:18:57,BTCUSD_PERP,bid,58600,750.85
2024-08-28 08:18:58,BTCUSD_PERP,bid,58600,808.88
2024-08-28 08:19:27,BTCUSD_PERP,bid,58600,750.85
2024-08-28 08:19:27,BTCUSD_PERP,bid,58500,649.56
2024-08-28 08:19:27,BTCUSD_PERP,bid,58500,707.56
2024-08-28 08:20:21,BTCUSD_PERP,bid,58500,592.15
2024-08-28 08:20:21,BTCUSD_PERP,bid,58500,534.15
2024-08-28 08:21:21,BTCUSD_PERP,bid,58500,635.22
2024-08-28 08:21:21,BTCUSD_PERP,bid,58500,693.19
2024-08-28 08:22:22,BTCUSD_PERP,bid,58500,635.22
2024-08-28 08:22:23,BTCUSD_PERP,bid,58500,577.25
2024-08-28 08:22:23,BTCUSD_PERP,bid,58500,519.28
2024-08-28 08:22:23,BTCUSD_PERP,bid,58500,578.17
2024-08-28 08:23:04,BTCUSD_PERP,bid,58500,577.75
2024-08-28 08:23:04,BTCUSD_PERP,bid,58500,635.66
2024-08-28 08:23:04,BTCUSD_PERP,bid,58500,693.08
2024-08-28 08:24:38,BTCUSD_PERP,bid,58500,635.66
2024-08-28 08:24:38,BTCUSD_PERP,bid,58500,577.65
2024-08-28 08:24:38,BTCUSD_PERP,bid,58500,520.23
2024-08-28 08:24:38,BTCUSD_PERP,bid,58500,577.34
2024-08-28 08:24:39,BTCUSD_PERP,bid,58500,692.71
2024-08-28 08:26:29,BTCUSD_PERP,bid,58600,520.0
2024-08-28 08:26:30,BTCUSD_PERP,bid,58600,578.05
2024-08-28 08:26:41,BTCUSD_PERP,bid,58600,592.11
2024-08-28 08:26:43,BTCUSD_PERP,bid,58600,593.33
2024-08-28 08:26:49,BTCUSD_PERP,bid,58600,595.43
2024-08-28 08:27:38,BTCUSD_PERP,bid,58600,595.48
2024-08-28 08:28:06,BTCUSD_PERP,bid,58600,520.32
2024-08-28 08:29:24,BTCUSD_PERP,bid,58400,519.13
2024-08-28 08:31:05,BTCUSD_PERP,bid,58500,520.19
2024-08-28 08:33:10,BTCUSD_PERP,bid,58600,518.46
2024-08-28 08:33:11,BTCUSD_PERP,bid,58600,633.89
2024-08-28 08:33:11,BTCUSD_PERP,bid,58600,691.31
2024-08-28 08:33:16,BTCUSD_PERP,bid,58600,633.89
2024-08-28 08:33:17,BTCUSD_PERP,bid,58600,519.05
2024-08-28 08:33:17,BTCUSD_PERP,bid,58600,518.73
2024-08-28 08:33:17,BTCUSD_PERP,bid,58600,576.18
2024-08-28 08:33:17,BTCUSD_PERP,bid,58600,691.67
2024-08-28 08:33:32,BTCUSD_PERP,bid,58600,633.63
2024-08-28 08:33:32,BTCUSD_PERP,bid,58600,576.18
2024-08-28 08:33:33,BTCUSD_PERP,bid,58600,577.75
2024-08-28 08:33:33,BTCUSD_PERP,bid,58600,750.69
2024-08-28 08:33:34,BTCUSD_PERP,bid,58600,521.03
2024-08-28 08:33:40,BTCUSD_PERP,bid,58600,693.21
2024-08-28 08:33:40,BTCUSD_PERP,bid,58600,635.23
2024-08-28 08:33:40,BTCUSD_PERP,bid,58600,692.22
2024-08-28 08:33:40,BTCUSD_PERP,bid,58500,520.76
2024-08-28 08:33:40,BTCUSD_PERP,bid,58600,750.25
2024-08-28 08:35:05,BTCUSD_PERP,bid,58600,692.22
2024-08-28 08:35:05,BTCUSD_PERP,bid,58600,634.77
2024-08-28 08:35:06,BTCUSD_PERP,bid,58600,577.32
2024-08-28 08:35:06,BTCUSD_PERP,bid,58600,519.87
2024-08-28 08:36:44,BTCUSD_PERP,bid,58400,575.56
2024-08-28 08:36:44,BTCUSD_PERP,bid,58400,633.47
2024-08-28 08:37:10,BTCUSD_PERP,bid,58400,576.15
2024-08-28 08:37:10,BTCUSD_PERP,bid,58400,517.97
2024-08-28 08:37:10,BTCUSD_PERP,bid,58400,575.85
2024-08-28 08:37:35,BTCUSD_PERP,bid,58400,517.7
2024-08-28 08:37:35,BTCUSD_PERP,bid,58400,575.55
2024-08-28 08:38:12,BTCUSD_PERP,bid,58400,517.47
2024-08-28 08:38:20,BTCUSD_PERP,bid,58400,517.2
2024-08-28 08:38:45,BTCUSD_PERP,bid,58400,516.84
2024-08-28 08:39:21,BTCUSD_PERP,bid,58400,517.2
2024-08-28 08:43:21,BTCUSD_PERP,bid,58500,577.05
2024-08-28 08:46:21,BTCUSD_PERP,bid,58500,519.74
2024-08-28 08:46:22,BTCUSD_PERP,bid,58500,577.16
2024-08-28 08:46:45,BTCUSD_PERP,bid,58500,519.15
2024-08-28 08:46:47,BTCUSD_PERP,bid,58600,520.59
2024-08-28 08:47:13,BTCUSD_PERP,bid,58600,808.64
2024-08-28 08:47:51,BTCUSD_PERP,bid,58600,693.19
2024-08-28 08:47:51,BTCUSD_PERP,bid,58600,577.74
2024-08-28 08:47:51,BTCUSD_PERP,bid,58600,520.31
2024-08-28 08:47:53,BTCUSD_PERP,bid,58600,520.01
2024-08-28 08:47:53,BTCUSD_PERP,bid,58600,578.06
2024-08-28 08:50:02,BTCUSD_PERP,bid,58600,520.69
2024-08-28 08:50:14,BTCUSD_PERP,bid,58600,751.21
2024-08-28 08:50:14,BTCUSD_PERP,bid,58600,809.23
2024-08-28 08:50:49,BTCUSD_PERP,bid,58600,577.84
2024-08-28 08:50:49,BTCUSD_PERP,bid,58600,519.82
2024-08-28 08:50:50,BTCUSD_PERP,bid,58600,520.68
2024-08-28 08:50:50,BTCUSD_PERP,bid,58600,636.19
2024-08-28 08:50:50,BTCUSD_PERP,bid,58600,693.65
2024-08-28 08:51:06,BTCUSD_PERP,bid,58600,520.68
2024-08-28 08:51:06,BTCUSD_PERP,bid,58600,694.03
2024-08-28 08:51:07,BTCUSD_PERP,bid,58600,752.12
2024-08-28 08:51:07,BTCUSD_PERP,bid,58600,810.21
2024-08-28 08:51:07,BTCUSD_PERP,bid,58600,925.8
2024-08-28 08:51:07,BTCUSD_PERP,bid,58600,983.3
2024-08-28 08:51:31,BTCUSD_PERP,bid,58600,925.8
2024-08-28 08:51:32,BTCUSD_PERP,bid,58600,809.62
2024-08-28 08:51:32,BTCUSD_PERP,bid,58600,752.12
2024-08-28 08:51:32,BTCUSD_PERP,bid,58600,636.53
2024-08-28 08:51:32,BTCUSD_PERP,bid,58600,520.35
2024-08-28 08:51:33,BTCUSD_PERP,bid,58700,537.44
2024-08-28 08:51:33,BTCUSD_PERP,bid,58700,594.98
2024-08-28 08:51:33,BTCUSD_PERP,bid,58700,653.11
2024-08-28 08:51:33,BTCUSD_PERP,bid,58700,711.24
2024-08-28 08:51:45,BTCUSD_PERP,bid,58700,538.03
2024-08-28 08:51:46,BTCUSD_PERP,bid,58800,651.47
2024-08-28 08:51:46,BTCUSD_PERP,bid,58800,709.68
2024-08-28 08:51:47,BTCUSD_PERP,bid,58800,767.89
2024-08-28 08:51:47,BTCUSD_PERP,bid,58800,826.1
2024-08-28 08:51:51,BTCUSD_PERP,bid,58800,753.68
2024-08-28 08:52:25,BTCUSD_PERP,bid,58700,579.34
2024-08-28 08:52:50,BTCUSD_PERP,bid,58700,521.75
2024-08-28 08:52:52,BTCUSD_PERP,bid,58800,522.8
2024-08-28 08:52:52,BTCUSD_PERP,bid,58800,580.43
2024-08-28 08:53:04,BTCUSD_PERP,bid,58800,522.21
2024-08-28 08:53:04,BTCUSD_PERP,bid,58800,521.89
2024-08-28 08:53:04,BTCUSD_PERP,bid,58800,580.14
2024-08-28 08:53:04,BTCUSD_PERP,bid,58800,754.3
2024-08-28 08:53:23,BTCUSD_PERP,bid,58800,521.81
2024-08-28 08:53:23,BTCUSD_PERP,bid,58800,580.03
2024-08-28 08:54:32,BTCUSD_PERP,bid,58800,521.81
2024-08-28 08:54:33,BTCUSD_PERP,bid,58800,522.48
2024-08-28 08:54:33,BTCUSD_PERP,bid,58800,580.14
2024-08-28 08:54:33,BTCUSD_PERP,bid,58800,695.46
2024-08-28 08:54:33,BTCUSD_PERP,bid,58800,811.96
2024-08-28 08:54:33,BTCUSD_PERP,bid,58800,928.37
2024-08-28 08:54:34,BTCUSD_PERP,bid,58800,986.03
2024-08-28 08:54:34,BTCUSD_PERP,bid,58800,1044.28
2024-08-28 08:56:05,BTCUSD_PERP,bid,58800,986.62
2024-08-28 08:56:05,BTCUSD_PERP,bid,58800,928.96
2024-08-28 08:56:05,BTCUSD_PERP,bid,58800,812.55
2024-08-28 08:56:05,BTCUSD_PERP,bid,58800,638.39
2024-08-28 08:56:06,BTCUSD_PERP,bid,58800,580.14
2024-08-28 08:56:06,BTCUSD_PERP,bid,58800,522.48
2024-08-28 08:56:06,BTCUSD_PERP,bid,58800,522.66
2024-08-28 08:56:06,BTCUSD_PERP,bid,58800,639.22
2024-08-28 08:56:07,BTCUSD_PERP,bid,58800,696.91
2024-08-28 08:56:07,BTCUSD_PERP,bid,58800,755.19
2024-08-28 08:56:07,BTCUSD_PERP,bid,58800,812.88
2024-08-28 08:56:07,BTCUSD_PERP,bid,58800,871.16
2024-08-28 08:56:15,BTCUSD_PERP,bid,58800,812.88
2024-08-28 08:56:15,BTCUSD_PERP,bid,58800,754.6
2024-08-28 08:56:15,BTCUSD_PERP,bid,58800,696.91
2024-08-28 08:56:15,BTCUSD_PERP,bid,58800,638.63
2024-08-28 08:56:15,BTCUSD_PERP,bid,58800,580.94
2024-08-28 08:56:16,BTCUSD_PERP,bid,58800,522.66
2024-08-28 08:56:27,BTCUSD_PERP,bid,58900,522.93
2024-08-28 08:58:50,BTCUSD_PERP,bid,58900,580.54
2024-08-28 08:58:50,BTCUSD_PERP,bid,58900,697.24
2024-08-28 08:58:50,BTCUSD_PERP,bid,58900,813.94
2024-08-28 08:58:51,BTCUSD_PERP,bid,58900,929.46
2024-08-28 08:58:51,BTCUSD_PERP,bid,58900,987.71
2024-08-28 08:58:51,BTCUSD_PERP,bid,58900,1103.82
2024-08-28 08:59:01,BTCUSD_PERP,bid,58900,987.71
2024-08-28 08:59:14,BTCUSD_PERP,bid,58800,813.46
2024-08-28 08:59:14,BTCUSD_PERP,bid,58800,871.74
2024-08-28 09:01:05,BTCUSD_PERP,bid,58800,522.88
2024-08-28 09:01:05,BTCUSD_PERP,bid,58800,638.18
2024-08-28 09:02:14,BTCUSD_PERP,bid,58800,521.7
2024-08-28 09:02:15,BTCUSD_PERP,bid,58800,579.75
2024-08-28 09:02:16,BTCUSD_PERP,bid,58800,638.02
2024-08-28 09:02:16,BTCUSD_PERP,bid,58800,695.7
2024-08-28 09:03:54,BTCUSD_PERP,bid,58800,521.48
2024-08-28 09:03:54,BTCUSD_PERP,bid,58800,695.7
2024-08-28 09:03:55,BTCUSD_PERP,bid,58800,753.38
2024-08-28 09:04:09,BTCUSD_PERP,bid,58800,638.02
2024-08-28 09:04:09,BTCUSD_PERP,bid,58800,522.66
2024-08-28 09:04:09,BTCUSD_PERP,bid,58800,520.62
2024-08-28 09:04:09,BTCUSD_PERP,bid,58800,578.86
2024-08-28 09:04:10,BTCUSD_PERP,bid,58800,637.1
2024-08-28 09:04:10,BTCUSD_PERP,bid,58800,694.75
2024-08-28 09:04:10,BTCUSD_PERP,bid,58800,752.99
2024-08-28 09:04:10,BTCUSD_PERP,bid,58800,810.63
2024-08-28 09:04:10,BTCUSD_PERP,bid,58800,868.87
2024-08-28 09:05:13,BTCUSD_PERP,bid,58800,811.22
2024-08-28 09:05:13,BTCUSD_PERP,bid,58800,695.33
2024-08-28 09:05:13,BTCUSD_PERP,bid,58800,579.44
2024-08-28 09:05:14,BTCUSD_PERP,bid,58800,579.16
2024-08-28 09:05:14,BTCUSD_PERP,bid,58800,637.43
2024-08-28 09:05:14,BTCUSD_PERP,bid,58800,753.38
2024-08-28 09:05:14,BTCUSD_PERP,bid,58800,811.65
2024-08-28 09:05:14,BTCUSD_PERP,bid,58800,869.33
2024-08-28 09:06:15,BTCUSD_PERP,bid,58800,695.7
2024-08-28 09:06:40,BTCUSD_PERP,bid,58900,522.92
2024-08-28 09:06:40,BTCUSD_PERP,bid,58900,581.23
2024-08-28 09:06:40,BTCUSD_PERP,bid,58900,638.95
2024-08-28 09:06:40,BTCUSD_PERP,bid,58900,755.57
2024-08-28 09:06:40,BTCUSD_PERP,bid,58900,871.6
2024-08-28 09:06:40,BTCUSD_PERP,bid,58900,929.31
2024-08-28 09:06:40,BTCUSD_PERP,bid,58900,987.62
2024-08-28 09:07:09,BTCUSD_PERP,bid,58900,581.23
2024-08-28 09:07:10,BTCUSD_PERP,bid,58800,871.71
2024-08-28 09:07:10,BTCUSD_PERP,bid,58800,929.99
2024-08-28 09:07:10,BTCUSD_PERP,bid,58800,988.27
2024-08-28 09:07:11,BTCUSD_PERP,bid,58800,1045.96
2024-08-28 09:07:29,BTCUSD_PERP,bid,58800,987.68
2024-08-28 09:07:29,BTCUSD_PERP,bid,58800,929.99
2024-08-28 09:07:29,BTCUSD_PERP,bid,58800,871.71
2024-08-28 09:07:29,BTCUSD_PERP,bid,58800,696.87
2024-08-28 09:07:29,BTCUSD_PERP,bid,58800,522.63
2024-08-28 09:07:29,BTCUSD_PERP,bid,58800,639.56
2024-08-28 09:07:30,BTCUSD_PERP,bid,58800,697.22
2024-08-28 09:07:30,BTCUSD_PERP,bid,58800,754.88
2024-08-28 09:13:23,BTCUSD_PERP,bid,58800,638.08
2024-08-28 09:13:34,BTCUSD_PERP,bid,58700,531.14
2024-08-28 09:23:38,BTCUSD_PERP,bid,58700,589.43
2024-08-28 09:25:45,BTCUSD_PERP,bid,58700,531.82
2024-08-28 09:25:45,BTCUSD_PERP,bid,58700,521.09
2024-08-28 09:26:10,BTCUSD_PERP,bid,58600,579.63
2024-08-28 09:26:11,BTCUSD_PERP,bid,58600,637.72
2024-08-28 09:26:55,BTCUSD_PERP,bid,58700,521.31
2024-08-28 09:38:23,BTCUSD_PERP,bid,58700,521.8
2024-08-28 09:48:38,BTCUSD_PERP,bid,58800,589.55
2024-08-28 09:48:39,BTCUSD_PERP,bid,58800,647.23
2024-08-28 09:48:39,BTCUSD_PERP,bid,58800,704.91
2024-08-28 09:48:50,BTCUSD_PERP,bid,58800,647.23
2024-08-28 09:48:50,BTCUSD_PERP,bid,58800,521.21
2024-08-28 09:48:50,BTCUSD_PERP,bid,58800,579.45
2024-08-28 09:49:50,BTCUSD_PERP,bid,58800,521.48
2024-08-28 09:50:21,BTCUSD_PERP,bid,58800,521.79
2024-08-28 09:51:30,BTCUSD_PERP,bid,58700,588.34
2024-08-28 09:51:30,BTCUSD_PERP,bid,58700,646.55
2024-08-28 09:55:31,BTCUSD_PERP,bid,58800,636.51
2024-08-28 09:55:31,BTCUSD_PERP,bid,58800,694.75
2024-08-28 09:57:22,BTCUSD_PERP,bid,58800,637.1
2024-08-28 09:57:22,BTCUSD_PERP,bid,58800,579.45
2024-08-28 09:57:22,BTCUSD_PERP,bid,58800,521.21
2024-08-28 09:57:23,BTCUSD_PERP,bid,58800,522.07
2024-08-28 09:57:23,BTCUSD_PERP,bid,58800,579.75
2024-08-28 09:57:23,BTCUSD_PERP,bid,58800,638.02
2024-08-28 09:57:24,BTCUSD_PERP,bid,58800,695.7
2024-08-28 09:57:24,BTCUSD_PERP,bid,58800,753.97
2024-08-28 09:59:18,BTCUSD_PERP,bid,58800,695.35
2024-08-28 09:59:19,BTCUSD_PERP,bid,58800,753.59
2024-08-28 10:01:06,BTCUSD_PERP,bid,58800,637.36
2024-08-28 10:01:07,BTCUSD_PERP,bid,58800,695.57
2024-08-28 10:02:27,BTCUSD_PERP,bid,58800,637.95
2024-08-28 10:02:27,BTCUSD_PERP,bid,58800,579.74
2024-08-28 10:02:27,BTCUSD_PERP,bid,58800,521.53
2024-08-28 10:02:28,BTCUSD_PERP,bid,58800,521.21
2024-08-28 10:02:28,BTCUSD_PERP,bid,58800,637.69
2024-08-28 10:02:28,BTCUSD_PERP,bid,58800,695.93
2024-08-28 10:02:28,BTCUSD_PERP,bid,58800,753.58
2024-08-28 10:02:40,BTCUSD_PERP,bid,58800,695.34
2024-08-28 10:02:40,BTCUSD_PERP,bid,58800,579.45
2024-08-28 10:02:40,BTCUSD_PERP,bid,58800,521.8
2024-08-28 10:02:40,BTCUSD_PERP,bid,58800,531.37
2024-08-28 10:02:40,BTCUSD_PERP,bid,58800,589.65
2024-08-28 10:02:41,BTCUSD_PERP,bid,58800,647.93
2024-08-28 10:02:41,BTCUSD_PERP,bid,58800,821.59
2024-08-28 10:02:41,BTCUSD_PERP,bid,58800,879.87
2024-08-28 10:11:23,BTCUSD_PERP,bid,58800,764.49
2024-08-28 10:11:23,BTCUSD_PERP,bid,58800,649.11
2024-08-28 10:11:23,BTCUSD_PERP,bid,58800,590.83
2024-08-28 10:11:24,BTCUSD_PERP,bid,58800,533.14
2024-08-28 10:37:31,BTCUSD_PERP,bid,59000,524.07
2024-08-28 10:37:31,BTCUSD_PERP,bid,59000,581.9
2024-08-28 10:37:43,BTCUSD_PERP,bid,58900,523.74
2024-08-28 10:37:43,BTCUSD_PERP,bid,58900,582.13
2024-08-28 10:39:29,BTCUSD_PERP,bid,58900,523.64
2024-08-28 10:39:29,BTCUSD_PERP,bid,58900,582.03
2024-08-28 10:39:29,BTCUSD_PERP,bid,58900,639.83
2024-08-28 10:39:29,BTCUSD_PERP,bid,58900,697.63
2024-08-28 10:40:09,BTCUSD_PERP,bid,58900,580.85
2024-08-28 10:40:09,BTCUSD_PERP,bid,58900,522.46
2024-08-28 10:54:39,BTCUSD_PERP,bid,59000,524.0
2024-08-28 10:54:57,BTCUSD_PERP,bid,42000,1066.7
2024-08-28 10:55:40,BTCUSD_PERP,bid,59100,524.34
2024-08-28 11:07:51,BTCUSD_PERP,ask,60200,500.98
2024-08-28 11:07:53,BTCUSD_PERP,ask,60200,510.3
2024-08-28 11:07:58,BTCUSD_PERP,ask,60200,519.92
2024-08-28 11:07:59,BTCUSD_PERP,ask,60200,525.93
2024-08-28 11:07:59,BTCUSD_PERP,ask,60200,531.94
2024-08-28 11:08:37,BTCUSD_PERP,ask,60200,522.32
2024-08-28 11:08:43,BTCUSD_PERP,ask,60200,512.7
2024-08-28 11:08:43,BTCUSD_PERP,ask,60200,503.08
2024-08-28 11:09:59,BTCUSD_PERP,bid,47000,2439.14
2024-08-28 11:10:29,BTCUSD_PERP,bid,59000,533.57
2024-08-28 11:11:00,BTCUSD_PERP,bid,59000,523.42
2024-08-28 11:14:52,BTCUSD_PERP,bid,59000,580.6
2024-08-28 11:14:53,BTCUSD_PERP,bid,59000,638.43
2024-08-28 11:14:53,BTCUSD_PERP,bid,59000,696.86
2024-08-28 11:14:53,BTCUSD_PERP,bid,59000,813.72
2024-08-28 11:15:38,BTCUSD_PERP,bid,59000,755.29
2024-08-28 11:15:38,BTCUSD_PERP,bid,58900,590.87
2024-08-28 11:15:38,BTCUSD_PERP,bid,58900,764.8
2024-08-28 11:16:29,BTCUSD_PERP,bid,58900,706.99
2024-08-28 11:16:29,BTCUSD_PERP,bid,58900,648.59
2024-08-28 11:16:30,BTCUSD_PERP,bid,58900,590.78
2024-08-28 11:16:30,BTCUSD_PERP,bid,59000,580.72
2024-08-28 11:16:31,BTCUSD_PERP,bid,59000,639.15
2024-08-28 11:18:34,BTCUSD_PERP,bid,59000,580.82
2024-08-28 11:18:34,BTCUSD_PERP,bid,59000,522.97
2024-08-28 11:18:35,BTCUSD_PERP,bid,59000,523.19
2024-08-28 11:28:55,BTCUSD_PERP,bid,59100,592.69
2024-08-28 11:28:55,BTCUSD_PERP,bid,59100,651.22
2024-08-28 11:28:55,BTCUSD_PERP,bid,59100,767.69
2024-08-28 11:28:56,BTCUSD_PERP,bid,59100,942.69
2024-08-28 11:28:56,BTCUSD_PERP,bid,59100,1000.63
2024-08-28 11:28:56,BTCUSD_PERP,bid,59100,1059.16
2024-08-28 11:28:56,BTCUSD_PERP,bid,59000,510.55
2024-08-28 11:28:56,BTCUSD_PERP,bid,59100,1175.63
2024-08-28 11:28:56,BTCUSD_PERP,bid,59000,569.02
2024-08-28 11:29:00,BTCUSD_PERP,bid,59100,1176.86
2024-08-28 11:29:17,BTCUSD_PERP,bid,59100,1060.39
2024-08-28 11:29:17,BTCUSD_PERP,bid,59100,885.39
2024-08-28 11:29:17,BTCUSD_PERP,bid,59000,510.33
2024-08-28 11:29:17,BTCUSD_PERP,bid,59000,815.36
2024-08-28 11:29:17,BTCUSD_PERP,bid,59000,568.73
2024-08-28 11:30:21,BTCUSD_PERP,bid,59000,815.52
2024-08-28 11:30:21,BTCUSD_PERP,bid,59000,873.99
2024-08-28 11:34:52,BTCUSD_PERP,bid,59000,815.52
2024-08-28 11:34:52,BTCUSD_PERP,bid,59000,757.05
2024-08-28 11:34:52,BTCUSD_PERP,bid,59000,699.17
2024-08-28 11:34:52,BTCUSD_PERP,bid,59000,582.33
2024-08-28 11:34:53,BTCUSD_PERP,bid,59000,581.94
2024-08-28 11:34:53,BTCUSD_PERP,bid,59000,698.35
2024-08-28 11:34:53,BTCUSD_PERP,bid,59000,815.35
2024-08-28 11:34:53,BTCUSD_PERP,bid,59000,873.85
2024-08-28 11:34:53,BTCUSD_PERP,bid,59000,932.35
2024-08-28 11:35:27,BTCUSD_PERP,bid,59000,582.53
2024-08-28 11:35:27,BTCUSD_PERP,bid,59000,757.63
2024-08-28 11:35:27,BTCUSD_PERP,bid,59000,816.1
2024-08-28 11:37:49,BTCUSD_PERP,bid,59000,640.35
2024-08-28 11:37:49,BTCUSD_PERP,bid,59000,815.08
2024-08-28 11:37:49,BTCUSD_PERP,bid,59000,873.52
2024-08-28 11:41:18,BTCUSD_PERP,bid,59000,757.23
2024-08-28 11:41:18,BTCUSD_PERP,bid,59000,699.39
2024-08-28 11:41:18,BTCUSD_PERP,bid,59000,583.11
2024-08-28 11:41:18,BTCUSD_PERP,bid,59000,524.67
2024-08-28 11:41:19,BTCUSD_PERP,bid,59000,523.8
2024-08-28 11:41:19,BTCUSD_PERP,bid,59000,582.21
2024-08-28 11:43:12,BTCUSD_PERP,bid,58900,523.47
2024-08-28 11:43:12,BTCUSD_PERP,bid,58900,581.84
2024-08-28 11:55:19,BTCUSD_PERP,bid,58700,518.4
2024-08-28 11:55:20,BTCUSD_PERP,bid,58800,522.39
2024-08-28 11:55:20,BTCUSD_PERP,bid,58800,580.63
2024-08-28 11:57:18,BTCUSD_PERP,bid,58800,531.32
2024-08-28 12:03:48,BTCUSD_PERP,bid,47000,2439.45
2024-08-28 12:04:59,BTCUSD_PERP,bid,58800,521.8
2024-08-28 12:04:59,BTCUSD_PERP,bid,58800,579.45
2024-08-28 12:05:00,BTCUSD_PERP,bid,58800,637.1
2024-08-28 12:05:00,BTCUSD_PERP,bid,58800,695.34
2024-08-28 12:05:00,BTCUSD_PERP,bid,58800,753.58
2024-08-28 12:05:00,BTCUSD_PERP,bid,58800,811.82
2024-08-28 12:05:00,BTCUSD_PERP,bid,58800,928.3
2024-08-28 12:05:00,BTCUSD_PERP,bid,58700,517.85
2024-08-28 12:05:00,BTCUSD_PERP,bid,58800,986.45
2024-08-28 12:05:00,BTCUSD_PERP,bid,58700,576.04
2024-08-28 12:05:07,BTCUSD_PERP,bid,58700,695.94
2024-08-28 12:05:07,BTCUSD_PERP,bid,58700,754.14
2024-08-28 12:11:54,BTCUSD_PERP,bid,58800,580.43
2024-08-28 12:11:54,BTCUSD_PERP,bid,58800,638.07
2024-08-28 12:11:55,BTCUSD_PERP,bid,58800,696.3
2024-08-28 12:11:55,BTCUSD_PERP,bid,58800,753.94
2024-08-28 12:11:55,BTCUSD_PERP,bid,58800,812.17
2024-08-28 12:13:40,BTCUSD_PERP,bid,44000,1127.56
2024-08-28 12:16:17,BTCUSD_PERP,bid,58800,695.71
2024-08-28 12:16:17,BTCUSD_PERP,bid,58800,638.07
2024-08-28 12:16:17,BTCUSD_PERP,bid,58800,579.84
2024-08-28 12:16:18,BTCUSD_PERP,bid,58800,521.89
2024-08-28 12:16:18,BTCUSD_PERP,bid,58800,580.15
2024-08-28 12:18:22,BTCUSD_PERP,bid,44000,1127.57
2024-08-28 12:19:20,BTCUSD_PERP,bid,58800,521.89
2024-08-28 12:19:22,BTCUSD_PERP,bid,58800,542.27
2024-08-28 12:19:22,BTCUSD_PERP,bid,58800,600.56
2024-08-28 12:19:22,BTCUSD_PERP,bid,58800,716.55
2024-08-28 12:21:01,BTCUSD_PERP,bid,58800,658.85
2024-08-28 12:21:01,BTCUSD_PERP,bid,58800,600.56
2024-08-28 12:21:01,BTCUSD_PERP,bid,58800,542.27
2024-08-28 12:21:03,BTCUSD_PERP,bid,58900,523.18
2024-08-28 12:21:03,BTCUSD_PERP,bid,58900,581.51
2024-08-28 12:21:18,BTCUSD_PERP,bid,58800,522.84
2024-08-28 12:21:18,BTCUSD_PERP,bid,58800,581.13
2024-08-28 12:21:29,BTCUSD_PERP,bid,58800,609.38
2024-08-28 12:21:30,BTCUSD_PERP,bid,58800,551.09
2024-08-28 12:22:03,BTCUSD_PERP,bid,58800,755.45
2024-08-28 12:22:03,BTCUSD_PERP,bid,58800,813.75
2024-08-28 12:22:33,BTCUSD_PERP,bid,58800,755.45
2024-08-28 12:22:33,BTCUSD_PERP,bid,58800,697.24
2024-08-28 12:22:34,BTCUSD_PERP,bid,58800,639.53
2024-08-28 12:22:34,BTCUSD_PERP,bid,58800,522.93
2024-08-28 12:25:05,BTCUSD_PERP,bid,58800,522.99
2024-08-28 12:25:05,BTCUSD_PERP,bid,58800,580.7
2024-08-28 12:29:29,BTCUSD_PERP,bid,58800,522.99
2024-08-28 12:29:29,BTCUSD_PERP,bid,58800,696.79
2024-08-28 12:31:25,BTCUSD_PERP,bid,58800,639.11
2024-08-28 12:38:31,BTCUSD_PERP,bid,58900,523.44
2024-08-28 12:38:31,BTCUSD_PERP,bid,58900,581.81
2024-08-28 12:38:32,BTCUSD_PERP,bid,58900,640.18
2024-08-28 12:42:23,BTCUSD_PERP,bid,58900,581.81
2024-08-28 12:42:24,BTCUSD_PERP,bid,58900,522.52
2024-08-28 12:42:24,BTCUSD_PERP,bid,58900,580.84
2024-08-28 12:42:56,BTCUSD_PERP,bid,58900,523.11
2024-08-28 12:42:58,BTCUSD_PERP,bid,58900,522.88
2024-08-28 12:42:58,BTCUSD_PERP,bid,58900,581.24
2024-08-28 12:42:59,BTCUSD_PERP,bid,58900,639.5
2024-08-28 12:43:53,BTCUSD_PERP,bid,58900,581.73
2024-08-28 12:46:33,BTCUSD_PERP,bid,58900,581.73
2024-08-28 12:46:33,BTCUSD_PERP,bid,58900,639.5
2024-08-28 12:47:00,BTCUSD_PERP,bid,58900,581.14
2024-08-28 12:47:00,BTCUSD_PERP,bid,58900,523.37
2024-08-28 12:47:01,BTCUSD_PERP,bid,58900,522.43
2024-08-28 12:47:02,BTCUSD_PERP,bid,58900,580.16
2024-08-28 12:47:02,BTCUSD_PERP,bid,58900,638.48
2024-08-28 12:47:02,BTCUSD_PERP,bid,58900,696.21
2024-08-28 12:47:02,BTCUSD_PERP,bid,58900,812.85
2024-08-28 12:48:07,BTCUSD_PERP,bid,58900,754.53
2024-08-28 12:48:07,BTCUSD_PERP,bid,58900,638.48
2024-08-28 12:48:07,BTCUSD_PERP,bid,58900,580.16
2024-08-28 12:48:07,BTCUSD_PERP,bid,58900,521.84
2024-08-28 12:48:09,BTCUSD_PERP,bid,58800,600.65
2024-08-28 12:48:09,BTCUSD_PERP,bid,58800,716.64
2024-08-28 12:48:09,BTCUSD_PERP,bid,58800,774.84
2024-08-28 12:48:09,BTCUSD_PERP,bid,58800,890.24
2024-08-28 13:00:32,BTCUSD_PERP,bid,58800,521.69
2024-08-28 13:00:32,BTCUSD_PERP,bid,58800,579.93
2024-08-28 13:00:32,BTCUSD_PERP,bid,58800,696.41
2024-08-28 13:00:32,BTCUSD_PERP,bid,58800,754.65
2024-08-28 13:00:32,BTCUSD_PERP,bid,58800,812.3
2024-08-28 13:00:32,BTCUSD_PERP,bid,58800,870.54
2024-08-28 13:01:10,BTCUSD_PERP,bid,58800,812.4
2024-08-28 13:01:10,BTCUSD_PERP,bid,58800,754.16
2024-08-28 13:01:11,BTCUSD_PERP,bid,58800,637.68
2024-08-28 13:01:11,BTCUSD_PERP,bid,58800,579.44
2024-08-28 13:01:11,BTCUSD_PERP,bid,58800,521.79
2024-08-28 13:01:11,BTCUSD_PERP,bid,58800,522.61
2024-08-28 13:01:12,BTCUSD_PERP,bid,58800,580.82
2024-08-28 13:01:12,BTCUSD_PERP,bid,58800,639.03
2024-08-28 13:02:12,BTCUSD_PERP,bid,58800,580.82
2024-08-28 13:02:13,BTCUSD_PERP,bid,58800,522.29
2024-08-28 13:02:14,BTCUSD_PERP,bid,58800,580.53
2024-08-28 13:02:14,BTCUSD_PERP,bid,58800,638.77
2024-08-28 13:02:15,BTCUSD_PERP,bid,58800,754.66
2024-08-28 13:03:21,BTCUSD_PERP,bid,58700,522.12
2024-08-28 13:04:47,BTCUSD_PERP,bid,58800,521.73
2024-08-28 13:04:47,BTCUSD_PERP,bid,58800,579.38
2024-08-28 13:04:47,BTCUSD_PERP,bid,58800,695.84
2024-08-28 13:06:09,BTCUSD_PERP,bid,58800,638.19
2024-08-28 13:06:10,BTCUSD_PERP,bid,58800,579.96
2024-08-28 13:06:10,BTCUSD_PERP,bid,58800,521.73
2024-08-28 13:06:10,BTCUSD_PERP,bid,58800,590.13
2024-08-28 13:06:11,BTCUSD_PERP,bid,58800,706.08
2024-08-28 13:07:07,BTCUSD_PERP,bid,58800,580.04
2024-08-28 13:07:07,BTCUSD_PERP,bid,58800,638.28
2024-08-28 13:08:32,BTCUSD_PERP,bid,58800,522.39
2024-08-28 13:08:33,BTCUSD_PERP,bid,58800,696.29
2024-08-28 13:08:33,BTCUSD_PERP,bid,58800,754.56
2024-08-28 13:08:33,BTCUSD_PERP,bid,58800,869.92
2024-08-28 13:08:57,BTCUSD_PERP,bid,58800,811.65
2024-08-28 13:08:58,BTCUSD_PERP,bid,58800,696.29
2024-08-28 13:08:58,BTCUSD_PERP,bid,58800,869.46
2024-08-28 13:19:11,BTCUSD_PERP,bid,58800,811.82
2024-08-28 13:19:11,BTCUSD_PERP,bid,58800,695.93
2024-08-28 13:19:11,BTCUSD_PERP,bid,58800,637.69
2024-08-28 13:19:11,BTCUSD_PERP,bid,58800,579.45
2024-08-28 13:19:12,BTCUSD_PERP,bid,58800,522.66
2024-08-28 13:19:12,BTCUSD_PERP,bid,58800,580.84
2024-08-28 13:19:12,BTCUSD_PERP,bid,58800,638.52
2024-08-28 13:19:12,BTCUSD_PERP,bid,58800,870.42
2024-08-28 13:19:12,BTCUSD_PERP,bid,58800,928.1
2024-08-28 13:20:01,BTCUSD_PERP,bid,58800,811.65
2024-08-28 13:20:01,BTCUSD_PERP,bid,58800,580.04
2024-08-28 13:20:01,BTCUSD_PERP,bid,58800,753.58
2024-08-28 13:20:01,BTCUSD_PERP,bid,58800,811.82
2024-08-28 13:20:20,BTCUSD_PERP,bid,58800,753.58
2024-08-28 13:20:20,BTCUSD_PERP,bid,58800,752.6
2024-08-28 13:20:20,BTCUSD_PERP,bid,58800,810.81
2024-08-28 13:21:10,BTCUSD_PERP,bid,58700,579.24
2024-08-28 13:21:11,BTCUSD_PERP,bid,58700,637.41
2024-08-28 13:22:38,BTCUSD_PERP,bid,58700,694.99
2024-08-28 13:22:42,BTCUSD_PERP,bid,58700,752.18
2024-08-28 13:22:42,BTCUSD_PERP,bid,58700,810.32
2024-08-28 13:23:12,BTCUSD_PERP,bid,58700,752.18
2024-08-28 13:23:12,BTCUSD_PERP,bid,58700,694.63
2024-08-28 13:23:12,BTCUSD_PERP,bid,58700,637.08
2024-08-28 13:23:13,BTCUSD_PERP,bid,58700,521.39
2024-08-28 13:23:13,BTCUSD_PERP,bid,58700,578.16
2024-08-28 13:23:13,BTCUSD_PERP,bid,58700,636.33
2024-08-28 13:23:13,BTCUSD_PERP,bid,58700,693.91
2024-08-28 13:23:13,BTCUSD_PERP,bid,58700,565.51
2024-08-28 13:23:13,BTCUSD_PERP,bid,58700,752.08
2024-08-28 13:23:14,BTCUSD_PERP,bid,58700,809.66
2024-08-28 13:23:14,BTCUSD_PERP,bid,58700,984.08
2024-08-28 13:23:14,BTCUSD_PERP,bid,58700,1042.25
2024-08-28 13:23:15,BTCUSD_PERP,bid,58700,1056.33
2024-08-28 13:23:17,BTCUSD_PERP,bid,58700,1058.44
2024-08-28 13:23:50,BTCUSD_PERP,bid,58700,1000.27
2024-08-28 13:23:51,BTCUSD_PERP,bid,58700,521.93
2024-08-28 13:23:51,BTCUSD_PERP,bid,58700,942.69
2024-08-28 13:23:51,BTCUSD_PERP,bid,58700,826.94
2024-08-28 13:23:51,BTCUSD_PERP,bid,58700,769.36
2024-08-28 13:23:51,BTCUSD_PERP,bid,58700,711.78
2024-08-28 13:23:51,BTCUSD_PERP,bid,58700,654.2
2024-08-28 13:23:51,BTCUSD_PERP,bid,58700,596.03
2024-08-28 13:23:52,BTCUSD_PERP,bid,58700,519.72
2024-08-28 13:23:52,BTCUSD_PERP,bid,58700,538.45
2024-08-28 13:30:02,BTCUSD_PERP,bid,58700,520.85
2024-08-28 13:30:02,BTCUSD_PERP,bid,58700,636.43
2024-08-28 13:30:02,BTCUSD_PERP,bid,58700,693.98
2024-08-28 13:30:02,BTCUSD_PERP,bid,58700,752.11
2024-08-28 13:30:03,BTCUSD_PERP,bid,58700,810.24
2024-08-28 13:30:45,BTCUSD_PERP,bid,58700,694.08
2024-08-28 13:30:45,BTCUSD_PERP,bid,58700,636.53
2024-08-28 13:30:45,BTCUSD_PERP,bid,58700,520.85
2024-08-28 13:30:46,BTCUSD_PERP,bid,58700,520.53
2024-08-28 13:30:46,BTCUSD_PERP,bid,58700,636.75
2024-08-28 13:30:46,BTCUSD_PERP,bid,58700,752.38
2024-08-28 13:30:47,BTCUSD_PERP,bid,58700,809.9
2024-08-28 13:34:52,BTCUSD_PERP,bid,58700,752.38
2024-08-28 13:34:52,BTCUSD_PERP,bid,58700,694.86
2024-08-28 13:34:52,BTCUSD_PERP,bid,58700,637.34
2024-08-28 13:34:54,BTCUSD_PERP,bid,58700,579.63
2024-08-28 13:34:54,BTCUSD_PERP,bid,58700,637.18
2024-08-28 13:36:30,BTCUSD_PERP,bid,58700,579.63
2024-08-28 13:36:30,BTCUSD_PERP,bid,58700,521.49
2024-08-28 13:36:30,BTCUSD_PERP,bid,58700,521.12
2024-08-28 13:36:30,BTCUSD_PERP,bid,58700,868.01
2024-08-28 13:36:31,BTCUSD_PERP,bid,58700,926.12
2024-08-28 13:39:28,BTCUSD_PERP,bid,58700,868.6
2024-08-28 13:39:28,BTCUSD_PERP,bid,58700,811.08
2024-08-28 13:39:28,BTCUSD_PERP,bid,58700,753.56
2024-08-28 13:39:28,BTCUSD_PERP,bid,58700,637.34
2024-08-28 13:39:29,BTCUSD_PERP,bid,58700,579.82
2024-08-28 13:39:29,BTCUSD_PERP,bid,58700,520.33
2024-08-28 13:39:29,BTCUSD_PERP,bid,58700,694.16
2024-08-28 13:39:29,BTCUSD_PERP,bid,58700,752.3
2024-08-28 13:39:29,BTCUSD_PERP,bid,58700,810.44
2024-08-28 13:39:30,BTCUSD_PERP,bid,58700,984.86
2024-08-28 13:39:30,BTCUSD_PERP,bid,58700,1042.91
2024-08-28 13:40:32,BTCUSD_PERP,bid,58700,810.94
2024-08-28 13:41:17,BTCUSD_PERP,ask,59800,501.79
2024-08-28 13:41:20,BTCUSD_PERP,ask,59800,511.05
2024-08-28 13:41:21,BTCUSD_PERP,ask,59800,517.02
2024-08-28 13:41:35,BTCUSD_PERP,bid,58600,530.69
2024-08-28 13:41:41,BTCUSD_PERP,bid,58600,519.67
2024-08-28 13:44:57,BTCUSD_PERP,bid,58600,521.26
2024-08-28 13:48:11,BTCUSD_PERP,bid,58700,636.37
2024-08-28 13:48:12,BTCUSD_PERP,bid,58700,809.55
2024-08-28 13:48:12,BTCUSD_PERP,bid,58700,867.67
2024-08-28 13:48:12,BTCUSD_PERP,bid,58700,925.79
2024-08-28 13:48:12,BTCUSD_PERP,bid,58700,983.81
2024-08-28 13:48:12,BTCUSD_PERP,bid,58600,521.48
2024-08-28 13:48:13,BTCUSD_PERP,bid,58700,1041.93
2024-08-28 13:48:59,BTCUSD_PERP,bid,58700,579.33
2024-08-28 13:48:59,BTCUSD_PERP,bid,58600,925.8
2024-08-28 13:49:00,BTCUSD_PERP,bid,58600,521.21
2024-08-28 13:49:00,BTCUSD_PERP,bid,58600,983.89
2024-08-28 13:51:12,BTCUSD_PERP,bid,58600,985.06
2024-08-28 13:51:34,BTCUSD_PERP,bid,58600,927.56
2024-08-28 13:51:34,BTCUSD_PERP,bid,58600,753.98
2024-08-28 13:51:34,BTCUSD_PERP,bid,58600,638.39
2024-08-28 13:51:34,BTCUSD_PERP,bid,58600,522.21
2024-08-28 13:51:35,BTCUSD_PERP,bid,58700,521.21
2024-08-28 13:51:35,BTCUSD_PERP,bid,58700,579.33
2024-08-28 13:51:35,BTCUSD_PERP,bid,58700,753.1
2024-08-28 13:51:35,BTCUSD_PERP,bid,58700,810.63
2024-08-28 13:51:35,BTCUSD_PERP,bid,58700,926.87
2024-08-28 13:51:36,BTCUSD_PERP,bid,58700,1042.52
2024-08-28 13:52:19,BTCUSD_PERP,bid,58700,926.28
2024-08-28 13:52:19,BTCUSD_PERP,bid,58700,811.22
2024-08-28 13:52:19,BTCUSD_PERP,bid,58600,752.12
2024-08-28 13:52:19,BTCUSD_PERP,bid,58600,810.21
2024-08-28 13:52:19,BTCUSD_PERP,bid,58600,564.72
2024-08-28 13:52:19,BTCUSD_PERP,bid,58600,868.3
2024-08-28 13:54:06,BTCUSD_PERP,bid,58600,810.21
2024-08-28 13:54:06,BTCUSD_PERP,bid,58600,694.03
2024-08-28 13:54:06,BTCUSD_PERP,bid,58600,635.94
2024-08-28 13:54:06,BTCUSD_PERP,bid,58600,577.85
2024-08-28 13:54:06,BTCUSD_PERP,bid,58600,519.86
2024-08-28 14:00:01,BTCUSD_PERP,bid,58600,588.11
2024-08-28 14:00:01,BTCUSD_PERP,bid,58600,646.19
2024-08-28 14:01:52,BTCUSD_PERP,bid,58700,519.35
2024-08-28 14:01:52,BTCUSD_PERP,bid,58700,693.68
2024-08-28 14:01:52,BTCUSD_PERP,bid,58700,751.79
2024-08-28 14:02:33,BTCUSD_PERP,bid,58700,693.68
2024-08-28 14:02:33,BTCUSD_PERP,bid,58700,636.16
2024-08-28 14:02:33,BTCUSD_PERP,bid,58700,520.53
2024-08-28 14:02:35,BTCUSD_PERP,bid,58700,521.49
2024-08-28 14:02:35,BTCUSD_PERP,bid,58700,579.64
2024-08-28 14:02:35,BTCUSD_PERP,bid,58700,637.79
2024-08-28 14:05:40,BTCUSD_PERP,bid,58700,521.19
2024-08-28 14:05:40,BTCUSD_PERP,bid,58700,637.55
2024-08-28 14:05:40,BTCUSD_PERP,bid,58700,753.32
2024-08-28 14:05:40,BTCUSD_PERP,bid,58700,811.5
2024-08-28 14:05:41,BTCUSD_PERP,bid,58700,869.68
2024-08-28 14:06:44,BTCUSD_PERP,bid,58700,812.09
2024-08-28 14:06:45,BTCUSD_PERP,bid,58700,752.89
2024-08-28 14:06:45,BTCUSD_PERP,bid,58700,811.04
2024-08-28 14:07:09,BTCUSD_PERP,bid,58700,752.89
2024-08-28 14:07:09,BTCUSD_PERP,bid,58700,695.33
2024-08-28 14:07:09,BTCUSD_PERP,bid,58700,637.77
2024-08-28 14:07:09,BTCUSD_PERP,bid,58700,521.12
2024-08-28 14:07:09,BTCUSD_PERP,bid,58700,637.34
2024-08-28 14:07:13,BTCUSD_PERP,bid,47300,2366.65
2024-08-28 14:07:33,BTCUSD_PERP,bid,47300,2366.65
2024-08-28 14:07:53,BTCUSD_PERP,bid,47300,2366.65
2024-08-28 14:08:05,BTCUSD_PERP,bid,58600,636.5
2024-08-28 14:08:05,BTCUSD_PERP,bid,58600,694.53
2024-08-28 14:08:30,BTCUSD_PERP,bid,58600,578.24
2024-08-28 14:08:31,BTCUSD_PERP,bid,58600,694.38
2024-08-28 14:08:31,BTCUSD_PERP,bid,58600,752.45
2024-08-28 14:10:29,BTCUSD_PERP,bid,58600,520.27
2024-08-28 14:15:17,BTCUSD_PERP,bid,58600,520.0
2024-08-28 14:18:28,BTCUSD_PERP,bid,58500,518.77
2024-08-28 14:19:33,BTCUSD_PERP,bid,58400,875.01
2024-08-28 14:20:11,BTCUSD_PERP,bid,58400,883.51
2024-08-28 14:20:12,BTCUSD_PERP,bid,58400,767.75
2024-08-28 14:20:49,BTCUSD_PERP,bid,58400,518.88
2024-08-28 14:21:00,BTCUSD_PERP,bid,58400,519.37
2024-08-28 14:23:42,BTCUSD_PERP,bid,58500,518.48
2024-08-28 14:24:01,BTCUSD_PERP,bid,58400,692.56
2024-08-28 14:24:01,BTCUSD_PERP,bid,58400,749.88
2024-08-28 14:24:01,BTCUSD_PERP,bid,58400,807.79
2024-08-28 14:24:40,BTCUSD_PERP,bid,58400,635.24
2024-08-28 14:24:40,BTCUSD_PERP,bid,58400,577.33
2024-08-28 14:24:40,BTCUSD_PERP,bid,58400,519.42
2024-08-28 14:25:14,BTCUSD_PERP,bid,58500,519.6
2024-08-28 14:26:30,BTCUSD_PERP,bid,58500,577.54
2024-08-28 14:28:02,BTCUSD_PERP,bid,58500,519.59
2024-08-28 14:30:28,BTCUSD_PERP,bid,58400,519.32
2024-08-28 14:30:28,BTCUSD_PERP,bid,58400,577.23
2024-08-28 14:31:13,BTCUSD_PERP,bid,58400,519.32
2024-08-28 14:31:15,BTCUSD_PERP,bid,58500,576.36
2024-08-28 14:31:15,BTCUSD_PERP,bid,58500,692.24
2024-08-28 14:31:16,BTCUSD_PERP,bid,58500,749.59
2024-08-28 14:32:52,BTCUSD_PERP,bid,58500,692.24
2024-08-28 14:33:22,BTCUSD_PERP,bid,58500,576.36
2024-08-28 14:33:22,BTCUSD_PERP,bid,58500,518.42
2024-08-28 14:33:23,BTCUSD_PERP,bid,58500,576.66
2024-08-28 14:34:42,BTCUSD_PERP,bid,58500,634.29
2024-08-28 14:34:42,BTCUSD_PERP,bid,58500,692.23
