1727050354148,BTCUSDT,bid,62300,1000.157
1727050463355,BTCUSDT,ask,63000,595.532
1727050463456,BTCUSDT,ask,63000,577.016
1727050463557,BTCUSDT,ask,63000,513.089
1727050464264,BTCUSDT,bid,62300,1000.177
1727050465780,BTCUSDT,bid,62300,1000.157
1727050507169,BTCUSDT,bid,62300,1000.798
1727050522502,BTCUSDT,bid,62300,1000.157
1727050584020,BTCUSDT,bid,62300,1000.385
1727050585233,BTCUSDT,bid,62300,1000.157
1727050610280,BTCUSDT,bid,62300,1000.167
1727050616979,BTCUSDT,bid,62300,1000.157
1727050723520,BTCUSDT,bid,61500,775.078
1727050899902,BTCUSDT,bid,62300,1000.429
1727052544719,BTCUSDT,bid,47000,843.304
1727052791635,BTCUSDT,bid,47000,843.237
1727054193797,BTCUSDT,bid,63700,1008.083
1727054194917,BTCUSDT,bid,63700,1008.123
1727054506152,BTCUSDT,ask,63700,696.966
1727054506256,BTCUSDT,ask,63700,681.047
1727054506357,BTCUSDT,ask,63700,631.01
1727054506458,BTCUSDT,ask,63700,606.409
1727054506559,BTCUSDT,ask,63700,600.713
1727054506660,BTCUSDT,ask,63700,543.732
1727054506761,BTCUSDT,ask,63700,508.078
1727054506862,BTCUSDT,ask,63700,484.594
1727054531347,BTCUSDT,ask,63700,860.992
1727054531450,BTCUSDT,ask,63700,848.758
1727054531551,BTCUSDT,ask,63700,848.425
1727054531652,BTCUSDT,ask,63700,848.345
1727054531753,BTCUSDT,ask,63700,848.347
1727054531854,BTCUSDT,ask,63700,848.974
1727054531956,BTCUSDT,ask,63700,849.474
1727054532360,BTCUSDT,ask,63700,849.472
1727054532663,BTCUSDT,ask,63700,848.845
1727054533472,BTCUSDT,ask,63700,849.473
1727054533775,BTCUSDT,ask,63700,850.033
1727054534079,BTCUSDT,ask,63700,849.473
1727054534283,BTCUSDT,ask,63700,849.464
1727054536323,BTCUSDT,ask,63700,848.836
1727054536726,BTCUSDT,ask,63700,848.836
1727054545812,BTCUSDT,ask,63700,849.442
1727054546635,BTCUSDT,ask,63700,848.838
1727054546935,BTCUSDT,ask,63700,849.434
1727054547146,BTCUSDT,ask,63700,849.444
1727054547247,BTCUSDT,ask,63700,849.434
1727054563248,BTCUSDT,ask,63600,755.956
1727054563353,BTCUSDT,ask,63600,730.666
1727054563454,BTCUSDT,ask,63600,685.003
1727054563555,BTCUSDT,ask,63600,633.935
1727054563656,BTCUSDT,ask,63600,624.629
1727054563757,BTCUSDT,ask,63600,594.071
1727054563858,BTCUSDT,ask,63600,591.45
1727054563959,BTCUSDT,ask,63600,588.143
1727054564060,BTCUSDT,ask,63600,589.063
1727054564161,BTCUSDT,ask,63600,588.97
1727054564262,BTCUSDT,ask,63600,589.172
1727054564364,BTCUSDT,ask,63600,586.317
1727054564465,BTCUSDT,ask,63600,586.321
1727054564668,BTCUSDT,ask,63600,585.693
1727054564873,BTCUSDT,ask,63600,585.686
1727054565177,BTCUSDT,ask,63600,585.671
1727054565279,BTCUSDT,ask,63600,585.671
1727054566194,BTCUSDT,ask,63600,585.673
1727054566395,BTCUSDT,ask,63600,585.736
1727054567108,BTCUSDT,ask,63600,585.673
1727054568746,BTCUSDT,ask,63600,585.678
1727054568852,BTCUSDT,ask,63600,585.673
1727049602604,BTCUSD_PERP,bid,63000,497.82
1727049659050,BTCUSD_PERP,ask,64200,472.97
1727049760440,BTCUSD_PERP,bid,62900,620.1
1727049760629,BTCUSD_PERP,bid,62900,682.43
1727049809231,BTCUSD_PERP,bid,60000,632.67
1727049837435,BTCUSD_PERP,bid,60000,632.66
1727049850342,BTCUSD_PERP,bid,60000,632.65
1727049932240,BTCUSD_PERP,bid,62800,557.82
1727049932343,BTCUSD_PERP,bid,62800,620.08
1727049966158,BTCUSD_PERP,bid,62800,619.1
1727049966257,BTCUSD_PERP,bid,62800,681.33
1727050018107,BTCUSD_PERP,bid,62800,494.96
1727050018209,BTCUSD_PERP,bid,62800,557.15
1727050077244,BTCUSD_PERP,bid,62700,618.47
1727050077451,BTCUSD_PERP,bid,62700,680.62
1727050078266,BTCUSD_PERP,bid,62700,499.91
1727050095727,BTCUSD_PERP,bid,62000,1134.29
1727050128734,BTCUSD_PERP,bid,62700,515.59
1727050142719,BTCUSD_PERP,bid,62600,619.68
1727050143036,BTCUSD_PERP,bid,62600,493.8
1727050146200,BTCUSD_PERP,bid,62600,558.27
1727050146302,BTCUSD_PERP,bid,62600,496.23
1727050146805,BTCUSD_PERP,ask,64400,1134.29
1727050147529,BTCUSD_PERP,bid,62700,495.38
1727050147641,BTCUSD_PERP,bid,62700,557.36
1727050148047,BTCUSD_PERP,bid,62700,619.44
1727050148156,BTCUSD_PERP,bid,62700,680.89
1727050166539,BTCUSD_PERP,bid,62700,494.65
1727050166539,BTCUSD_PERP,bid,62700,495.04
1727050166643,BTCUSD_PERP,bid,62700,557.16
1727050166743,BTCUSD_PERP,bid,62700,804.36
1727050166845,BTCUSD_PERP,bid,62600,495.3
1727050166845,BTCUSD_PERP,bid,62700,866.37
1727050166943,BTCUSD_PERP,bid,62600,557.34
1727050166943,BTCUSD_PERP,bid,62700,927.85
1727050167045,BTCUSD_PERP,bid,62700,989.97
1727050200647,BTCUSD_PERP,bid,62600,495.74
1727050200746,BTCUSD_PERP,bid,62700,742.13
1727050200849,BTCUSD_PERP,bid,62700,680.12
1727050200946,BTCUSD_PERP,bid,62700,927.32
1727050201052,BTCUSD_PERP,bid,62600,541.58
1727050201052,BTCUSD_PERP,bid,62700,1112.93
1727050201153,BTCUSD_PERP,bid,62600,603.56
1727050223436,BTCUSD_PERP,bid,62600,495.69
1727050223536,BTCUSD_PERP,bid,62600,541.23
1727050223536,BTCUSD_PERP,bid,62600,1112.21
1727050223638,BTCUSD_PERP,bid,62600,1174.25
1727050223736,BTCUSD_PERP,bid,62600,603.17
1727050227392,BTCUSD_PERP,bid,61900,1151.45
1727050228407,BTCUSD_PERP,bid,62600,541.19
1727050228407,BTCUSD_PERP,bid,62600,927.35
1727050228618,BTCUSD_PERP,bid,62600,741.86
1727050228720,BTCUSD_PERP,bid,62600,679.92
1727050228824,BTCUSD_PERP,bid,62600,556.47
1727050229025,BTCUSD_PERP,bid,62700,556.05
1727050229129,BTCUSD_PERP,bid,62700,618.13
1727050229231,BTCUSD_PERP,bid,62700,680.21
1727050229329,BTCUSD_PERP,bid,62700,741.65
1727050229536,BTCUSD_PERP,bid,62700,865.81
1727050229734,BTCUSD_PERP,bid,62600,541.47
1727050229977,BTCUSD_PERP,bid,62700,927.25
1727050230199,BTCUSD_PERP,bid,62700,989.33
1727050269823,BTCUSD_PERP,ask,64400,1134.29
1727050296804,BTCUSD_PERP,bid,62600,479.91
1727050296804,BTCUSD_PERP,bid,62700,927.89
1727050296907,BTCUSD_PERP,bid,62700,865.81
1727050297009,BTCUSD_PERP,bid,62700,803.73
1727050297112,BTCUSD_PERP,bid,62700,742.29
1727050297313,BTCUSD_PERP,bid,62700,618.77
1727050297419,BTCUSD_PERP,bid,62700,556.8
1727050297624,BTCUSD_PERP,bid,62700,495.36
1727050297719,BTCUSD_PERP,bid,62700,556.43
1727050297822,BTCUSD_PERP,bid,62700,618.54
1727050297915,BTCUSD_PERP,bid,62700,680.65
1727050298014,BTCUSD_PERP,bid,62700,742.76
1727050298112,BTCUSD_PERP,bid,62700,804.87
1727050298232,BTCUSD_PERP,bid,62700,928.46
1727050444515,BTCUSD_PERP,bid,62700,681.28
1727050444616,BTCUSD_PERP,bid,62700,803.78
1727050444718,BTCUSD_PERP,bid,62700,927.94
1727050454325,BTCUSD_PERP,bid,62700,741.7
1727050474376,BTCUSD_PERP,bid,62500,494.08
1727050514353,BTCUSD_PERP,bid,62500,493.84
1727050522509,BTCUSD_PERP,bid,62400,633.3
1727050522815,BTCUSD_PERP,bid,62400,695.1
1727050526924,BTCUSD_PERP,bid,62300,552.67
1727050527280,BTCUSD_PERP,bid,62300,614.42
1727050529700,BTCUSD_PERP,bid,62300,800.69
1727050530003,BTCUSD_PERP,bid,62300,862.41
1727050530732,BTCUSD_PERP,ask,63600,526.29
1727050534404,BTCUSD_PERP,bid,62300,678.62
1727050534505,BTCUSD_PERP,bid,62300,555.81
1727050536322,BTCUSD_PERP,ask,63600,520.0
1727050537748,BTCUSD_PERP,bid,62300,555.7
1727050538051,BTCUSD_PERP,bid,62300,617.42
1727050542639,BTCUSD_PERP,bid,62300,553.21
1727050543045,BTCUSD_PERP,bid,62300,614.9
1727050543655,BTCUSD_PERP,ask,63500,503.39
1727050547835,BTCUSD_PERP,bid,62200,553.5
1727050547935,BTCUSD_PERP,bid,62200,614.51
1727050554312,BTCUSD_PERP,ask,63500,502.84
1727050564061,BTCUSD_PERP,bid,62200,492.78
1727050580080,BTCUSD_PERP,bid,62200,736.29
1727050580377,BTCUSD_PERP,bid,62200,797.91
1727050582022,BTCUSD_PERP,bid,62200,613.28
1727050582122,BTCUSD_PERP,bid,62200,1043.15
1727050582324,BTCUSD_PERP,bid,62200,1104.74
1727050585000,BTCUSD_PERP,bid,62100,536.96
1727050585000,BTCUSD_PERP,bid,62100,737.51
1727050585101,BTCUSD_PERP,bid,62100,1105.55
1727050585404,BTCUSD_PERP,bid,62100,598.41
1727050585404,BTCUSD_PERP,bid,62100,1167.1
1727050585696,BTCUSD_PERP,bid,62100,675.96
1727050585805,BTCUSD_PERP,bid,62100,490.9
1727050604916,BTCUSD_PERP,bid,62100,563.31
1727050623713,BTCUSD_PERP,bid,60000,632.76
1727050632735,BTCUSD_PERP,bid,62100,552.87
1727050636083,BTCUSD_PERP,bid,62100,489.09
1727050636386,BTCUSD_PERP,bid,62100,550.62
1727050651934,BTCUSD_PERP,bid,62200,491.11
1727050652032,BTCUSD_PERP,bid,62200,614.29
1727050652240,BTCUSD_PERP,bid,62200,798.34
1727050653247,BTCUSD_PERP,bid,62200,859.93
1727050656486,BTCUSD_PERP,bid,62200,798.44
1727050656591,BTCUSD_PERP,bid,62200,675.88
1727050657502,BTCUSD_PERP,bid,62200,614.29
1727050657805,BTCUSD_PERP,bid,62200,553.32
1727050673614,BTCUSD_PERP,bid,60000,632.65
1727050701463,BTCUSD_PERP,bid,62200,491.49
1727050701559,BTCUSD_PERP,bid,62200,552.52
1727050701665,BTCUSD_PERP,bid,62200,614.09
1727050701776,BTCUSD_PERP,bid,62200,675.76
1727050704647,BTCUSD_PERP,bid,62200,553.7
1727050706769,BTCUSD_PERP,bid,62200,492.03
1727050706871,BTCUSD_PERP,bid,62200,614.09
1727050707071,BTCUSD_PERP,bid,62200,736.79
1727050707279,BTCUSD_PERP,bid,62200,798.46
1727050719900,BTCUSD_PERP,bid,62200,492.03
1727050723440,BTCUSD_PERP,bid,61600,1949.51
1727050734234,BTCUSD_PERP,bid,62400,496.41
1727050735037,BTCUSD_PERP,bid,62400,491.09
1727050735248,BTCUSD_PERP,bid,62400,552.24
1727050748727,BTCUSD_PERP,bid,62300,538.63
1727050748727,BTCUSD_PERP,bid,62300,983.36
1727050748936,BTCUSD_PERP,bid,62300,600.27
1727050748936,BTCUSD_PERP,bid,62300,1045.1
1727050756437,BTCUSD_PERP,bid,62300,983.36
1727050756538,BTCUSD_PERP,bid,62300,538.6
1727050756538,BTCUSD_PERP,bid,62300,861.14
1727050756639,BTCUSD_PERP,bid,62300,800.03
1727050756737,BTCUSD_PERP,bid,62300,738.29
1727050756837,BTCUSD_PERP,bid,62300,614.81
1727050757043,BTCUSD_PERP,bid,62300,491.16
1727050757043,BTCUSD_PERP,bid,62300,553.7
1727050757145,BTCUSD_PERP,bid,62300,491.96
1727050757246,BTCUSD_PERP,bid,62300,552.87
1727050757448,BTCUSD_PERP,bid,62300,614.58
1727050757554,BTCUSD_PERP,bid,62300,921.87
1727050761420,BTCUSD_PERP,bid,62300,860.79
1727050761526,BTCUSD_PERP,bid,62300,799.08
1727050761733,BTCUSD_PERP,bid,62300,675.66
1727050761831,BTCUSD_PERP,bid,62300,676.87
1727050762143,BTCUSD_PERP,bid,62200,538.09
1727050762341,BTCUSD_PERP,bid,62300,738.55
1727050771367,BTCUSD_PERP,bid,62300,677.5
1727050771470,BTCUSD_PERP,bid,62300,616.45
1727050771673,BTCUSD_PERP,bid,62300,554.77
1727050829765,BTCUSD_PERP,bid,62300,492.32
1727050829885,BTCUSD_PERP,bid,62300,615.74
1727050830205,BTCUSD_PERP,bid,62300,737.9
1727050833960,BTCUSD_PERP,bid,62300,676.82
1727050834170,BTCUSD_PERP,bid,62300,491.69
1727050841184,BTCUSD_PERP,bid,62400,492.43
1727050854734,BTCUSD_PERP,bid,62300,538.71
1727050854734,BTCUSD_PERP,bid,62300,738.48
1727050854834,BTCUSD_PERP,bid,62300,600.36
1727050863168,BTCUSD_PERP,bid,62300,538.68
1727050863475,BTCUSD_PERP,bid,62300,676.73
1727050863580,BTCUSD_PERP,bid,62300,614.98
1727050863986,BTCUSD_PERP,bid,62300,553.23
1727050864794,BTCUSD_PERP,bid,62400,553.59
1727050865003,BTCUSD_PERP,bid,62400,615.38
1727050870398,BTCUSD_PERP,bid,62400,554.22
1727050870704,BTCUSD_PERP,bid,62400,492.65
1727050870806,BTCUSD_PERP,bid,62400,554.47
1727050870906,BTCUSD_PERP,bid,62400,616.29
1727050881815,BTCUSD_PERP,bid,60000,632.63
1727050882231,BTCUSD_PERP,bid,60000,632.62
1727050885281,BTCUSD_PERP,bid,62400,493.29
1727050907854,BTCUSD_PERP,bid,62400,492.83
1727050910437,BTCUSD_PERP,ask,63700,510.8
1727050910537,BTCUSD_PERP,ask,63700,520.98
1727050913304,BTCUSD_PERP,bid,60000,632.63
1727050920635,BTCUSD_PERP,bid,62300,491.4
1727050983713,BTCUSD_PERP,bid,62500,495.48
1727050984121,BTCUSD_PERP,bid,62500,557.38
1727051009175,BTCUSD_PERP,bid,62500,495.48
1727051040984,BTCUSD_PERP,bid,62500,493.63
1727051041087,BTCUSD_PERP,bid,62500,555.57
1727051082788,BTCUSD_PERP,bid,60000,632.62
1727051119923,BTCUSD_PERP,bid,60000,623.81
1727051133727,BTCUSD_PERP,bid,62500,555.55
1727051133829,BTCUSD_PERP,bid,62500,679.45
1727051145574,BTCUSD_PERP,bid,62500,617.5
1727051145670,BTCUSD_PERP,bid,62500,555.66
1727051145780,BTCUSD_PERP,bid,62500,493.71
1727051434877,BTCUSD_PERP,bid,62600,555.88
1727051451704,BTCUSD_PERP,bid,62500,494.24
1727051451805,BTCUSD_PERP,bid,62500,678.2
1727051489854,BTCUSD_PERP,bid,62500,616.88
1727051492854,BTCUSD_PERP,bid,62600,678.63
1727051537466,BTCUSD_PERP,bid,62600,555.91
1727051542140,BTCUSD_PERP,bid,62600,493.92
1727051542246,BTCUSD_PERP,bid,62600,555.34
1727051542650,BTCUSD_PERP,bid,62600,617.4
1727051542755,BTCUSD_PERP,bid,62600,679.46
1727051542958,BTCUSD_PERP,bid,62600,741.52
1727051543164,BTCUSD_PERP,bid,62600,803.58
1727051545943,BTCUSD_PERP,ask,63900,481.13
1727051546242,BTCUSD_PERP,ask,63900,544.42
1727051547052,BTCUSD_PERP,bid,62600,679.46
1727051547152,BTCUSD_PERP,bid,62600,617.4
1727051547353,BTCUSD_PERP,bid,62600,555.34
1727051547752,BTCUSD_PERP,bid,62600,493.92
1727051548671,BTCUSD_PERP,bid,62700,494.21
1727051548876,BTCUSD_PERP,bid,62700,555.67
1727051559172,BTCUSD_PERP,bid,62700,493.58
1727051666270,BTCUSD_PERP,bid,62700,556.98
1727051721593,BTCUSD_PERP,bid,62700,557.25
1727051724054,BTCUSD_PERP,bid,62700,495.81
1727051823403,BTCUSD_PERP,bid,62800,495.63
1727051823504,BTCUSD_PERP,bid,62800,620.01
1727051823609,BTCUSD_PERP,bid,62800,682.2
1727051835582,BTCUSD_PERP,bid,62800,558.45
1727051835684,BTCUSD_PERP,bid,62800,496.26
1727051858896,BTCUSD_PERP,bid,62800,743.76
1727051859005,BTCUSD_PERP,bid,62800,805.95
1727051859107,BTCUSD_PERP,bid,62800,868.14
1727051859107,BTCUSD_PERP,ask,64000,477.14
1727051875394,BTCUSD_PERP,bid,62800,805.95
1727051875495,BTCUSD_PERP,ask,64000,475.2
1727051875597,BTCUSD_PERP,bid,62800,744.39
1727051875697,BTCUSD_PERP,bid,62800,682.2
1727051876091,BTCUSD_PERP,bid,62800,620.01
1727051876298,BTCUSD_PERP,bid,62800,557.82
1727051876501,BTCUSD_PERP,bid,62800,496.26
1727051877417,BTCUSD_PERP,bid,62800,496.58
1727051888805,BTCUSD_PERP,bid,62800,496.34
1727051899094,BTCUSD_PERP,bid,62800,558.18
1727051989320,BTCUSD_PERP,ask,64000,470.62
1727052003822,BTCUSD_PERP,bid,62700,495.24
1727052011604,BTCUSD_PERP,bid,62700,496.46
1727052012020,BTCUSD_PERP,ask,63900,477.01
1727052049296,BTCUSD_PERP,ask,63900,470.68
1727052066196,BTCUSD_PERP,bid,62700,495.15
1727052066295,BTCUSD_PERP,bid,62700,618.78
1727052300686,BTCUSD_PERP,bid,62700,557.28
1727052301104,BTCUSD_PERP,bid,62700,480.26
1727052344289,BTCUSD_PERP,ask,64000,547.43
1727052345904,BTCUSD_PERP,bid,62700,481.3
1727052353304,BTCUSD_PERP,ask,64000,541.09
1727052361092,BTCUSD_PERP,ask,64000,534.75
1727052382920,BTCUSD_PERP,ask,64000,528.34
1727052384005,BTCUSD_PERP,ask,64000,538.57
1727052385230,BTCUSD_PERP,ask,64000,544.96
1727052396961,BTCUSD_PERP,ask,64000,481.55
1727052398806,BTCUSD_PERP,ask,64000,507.48
1727052399867,BTCUSD_PERP,ask,64000,528.6
1727052404064,BTCUSD_PERP,bid,62800,496.48
1727052404162,BTCUSD_PERP,bid,62800,558.7
1727052404365,BTCUSD_PERP,bid,62800,620.92
1727052426312,BTCUSD_PERP,bid,62800,558.7
1727052426413,BTCUSD_PERP,bid,62800,497.12
1727052426413,BTCUSD_PERP,ask,64100,507.72
1727052429061,BTCUSD_PERP,bid,62800,496.88
1727052478066,BTCUSD_PERP,bid,62900,558.26
1727052478171,BTCUSD_PERP,bid,62900,622.13
1727052527682,BTCUSD_PERP,bid,62900,559.81
1727052527791,BTCUSD_PERP,bid,62900,497.49
1727052527990,BTCUSD_PERP,bid,62900,495.65
1727052528094,BTCUSD_PERP,bid,62900,807.1
1727052569962,BTCUSD_PERP,bid,62900,558.58
1727052570178,BTCUSD_PERP,bid,62900,495.97
1727052570264,BTCUSD_PERP,bid,62900,557.66
1727052570483,BTCUSD_PERP,bid,62900,619.99
1727052570582,BTCUSD_PERP,bid,62900,744.01
1727052570691,BTCUSD_PERP,bid,62900,868.67
1727052571103,BTCUSD_PERP,bid,62900,931.0
1727052571313,BTCUSD_PERP,bid,62900,931.15
1727052702202,BTCUSD_PERP,bid,62900,869.46
1727052702305,BTCUSD_PERP,bid,62900,807.13
1727052702601,BTCUSD_PERP,bid,62900,682.58
1727052702805,BTCUSD_PERP,bid,62900,620.25
1727052702905,BTCUSD_PERP,bid,62900,496.23
1727052703007,BTCUSD_PERP,bid,62900,496.33
1727052703112,BTCUSD_PERP,bid,62900,558.62
1727052717106,BTCUSD_PERP,bid,62900,496.77
1727052719682,BTCUSD_PERP,bid,62900,514.38
1727052726484,BTCUSD_PERP,bid,62900,558.98
1727052729007,BTCUSD_PERP,bid,63000,500.64
1727052729115,BTCUSD_PERP,bid,63000,563.07
1727052730059,BTCUSD_PERP,bid,63000,566.7
1727052744607,BTCUSD_PERP,bid,63000,504.91
1727052745922,BTCUSD_PERP,bid,63100,498.61
1727052746233,BTCUSD_PERP,bid,63100,561.11
1727052774138,BTCUSD_PERP,ask,64400,494.16
1727052922695,BTCUSD_PERP,bid,63100,560.49
1727052939772,BTCUSD_PERP,bid,63100,498.88
1727052940293,BTCUSD_PERP,bid,63000,484.49
1727052940394,BTCUSD_PERP,bid,63100,560.76
1727052940499,BTCUSD_PERP,bid,63100,623.28
1727052962381,BTCUSD_PERP,bid,63100,560.76
1727053014471,BTCUSD_PERP,bid,60000,623.82
1727053239608,BTCUSD_PERP,ask,64200,473.37
1727053243443,BTCUSD_PERP,ask,64200,467.01
1727053298991,BTCUSD_PERP,bid,63000,497.44
1727053299706,BTCUSD_PERP,ask,64300,547.36
1727053322292,BTCUSD_PERP,ask,64300,526.35
1727053325308,BTCUSD_PERP,ask,64300,509.61
1727053325819,BTCUSD_PERP,bid,63100,497.73
1727053325936,BTCUSD_PERP,bid,63100,559.56
1727053343584,BTCUSD_PERP,bid,63000,497.49
1727053347268,BTCUSD_PERP,ask,64200,509.16
1727053361704,BTCUSD_PERP,bid,62900,482.5
1727053361704,BTCUSD_PERP,bid,63000,683.74
1727053361804,BTCUSD_PERP,bid,62900,544.8
1727053361804,BTCUSD_PERP,bid,63000,746.14
1727053369819,BTCUSD_PERP,ask,64200,529.91
1727053382453,BTCUSD_PERP,bid,62900,482.46
1727053382560,BTCUSD_PERP,bid,62900,482.25
1727053382560,BTCUSD_PERP,bid,63000,513.8
1727053382644,BTCUSD_PERP,bid,63000,700.91
1727053382763,BTCUSD_PERP,bid,62900,544.52
1727053382763,BTCUSD_PERP,bid,63000,763.28
1727053384410,BTCUSD_PERP,ask,64200,508.92
1727053403618,BTCUSD_PERP,bid,63000,700.91
1727053403715,BTCUSD_PERP,bid,63000,576.81
1727053404225,BTCUSD_PERP,bid,63000,514.43
1727053404326,BTCUSD_PERP,bid,63000,561.21
1727053404423,BTCUSD_PERP,bid,63000,498.95
1727053404734,BTCUSD_PERP,bid,63000,498.49
1727053404734,BTCUSD_PERP,bid,63000,561.77
1727053404839,BTCUSD_PERP,bid,63000,499.13
1727053404839,BTCUSD_PERP,bid,63000,623.56
1727053405045,BTCUSD_PERP,bid,63000,623.25
1727053405143,BTCUSD_PERP,bid,63000,561.52
1727053405143,BTCUSD_PERP,bid,63000,747.14
1727053405247,BTCUSD_PERP,bid,63000,933.15
1727053405335,BTCUSD_PERP,bid,63000,994.94
1727053405427,BTCUSD_PERP,bid,63000,499.75
1727053405530,BTCUSD_PERP,bid,63000,1057.37
1727053425025,BTCUSD_PERP,bid,63000,933.15
1727053425329,BTCUSD_PERP,bid,63000,870.82
1727053425527,BTCUSD_PERP,bid,63000,745.96
1727053425625,BTCUSD_PERP,bid,63000,683.53
1727053425729,BTCUSD_PERP,bid,63000,621.1
1727053425936,BTCUSD_PERP,bid,63000,558.67
1727053426043,BTCUSD_PERP,bid,63100,561.68
1727053426251,BTCUSD_PERP,bid,63000,483.21
1727053426251,BTCUSD_PERP,bid,63100,641.01
1727053426354,BTCUSD_PERP,bid,63100,715.03
1727053426461,BTCUSD_PERP,bid,63000,545.0
1727053426565,BTCUSD_PERP,bid,63000,607.38
1727053426565,BTCUSD_PERP,bid,63100,777.51
1727053456912,BTCUSD_PERP,bid,63100,653.19
1727053457004,BTCUSD_PERP,bid,63000,482.33
1727053457004,BTCUSD_PERP,bid,63000,870.85
1727053457215,BTCUSD_PERP,bid,63000,544.67
1727053467690,BTCUSD_PERP,bid,63000,482.33
1727053467690,BTCUSD_PERP,bid,63000,684.17
1727053467785,BTCUSD_PERP,bid,63000,622.37
1727053467995,BTCUSD_PERP,bid,63000,560.04
1727053468196,BTCUSD_PERP,bid,63000,497.6
1727053468304,BTCUSD_PERP,bid,63100,499.03
1727053469007,BTCUSD_PERP,bid,63100,497.92
1727053478827,BTCUSD_PERP,bid,63100,498.07
1727053527109,BTCUSD_PERP,bid,63000,809.69
1727053527213,BTCUSD_PERP,bid,63000,501.29
1727053527213,BTCUSD_PERP,bid,63000,1119.97
1727053527310,BTCUSD_PERP,bid,63000,563.62
1727053527310,BTCUSD_PERP,bid,63000,1182.41
1727053541120,BTCUSD_PERP,bid,63000,870.96
1727053541219,BTCUSD_PERP,bid,63100,870.13
1727053541319,BTCUSD_PERP,bid,63000,498.21
1727053541319,BTCUSD_PERP,bid,63100,931.97
1727053541416,BTCUSD_PERP,bid,63100,994.45
1727053542259,BTCUSD_PERP,bid,63100,996.02
1727053569043,BTCUSD_PERP,bid,63100,746.85
1727053569242,BTCUSD_PERP,bid,63100,684.37
1727053569347,BTCUSD_PERP,bid,63100,622.53
1727053569452,BTCUSD_PERP,bid,63100,560.05
1727053569651,BTCUSD_PERP,bid,63100,497.57
1727053569651,BTCUSD_PERP,bid,63100,498.69
1727053569751,BTCUSD_PERP,bid,63000,560.61
1727053569956,BTCUSD_PERP,bid,63000,498.19
1727053581818,BTCUSD_PERP,bid,63100,560.28
1727053581922,BTCUSD_PERP,bid,63100,622.83
1727053582020,BTCUSD_PERP,bid,63100,685.38
1727053582124,BTCUSD_PERP,bid,63100,747.93
1727053582222,BTCUSD_PERP,bid,63100,934.94
1727053582559,BTCUSD_PERP,bid,63100,997.49
1727053582666,BTCUSD_PERP,bid,63100,1060.04
1727053600499,BTCUSD_PERP,bid,63100,998.13
1727053600605,BTCUSD_PERP,bid,63100,936.22
1727053600806,BTCUSD_PERP,bid,63100,873.67
1727053600919,BTCUSD_PERP,bid,63100,749.21
1727053601019,BTCUSD_PERP,bid,63100,624.22
1727053601121,BTCUSD_PERP,bid,63200,498.05
1727053601221,BTCUSD_PERP,bid,63200,747.77
1727053601423,BTCUSD_PERP,bid,63200,810.36
1727053601627,BTCUSD_PERP,bid,63200,885.15
1727053601726,BTCUSD_PERP,bid,63200,947.74
1727053601825,BTCUSD_PERP,bid,63200,1010.33
1727053601927,BTCUSD_PERP,bid,63200,1072.28
1727053605013,BTCUSD_PERP,ask,64400,484.43
1727053629548,BTCUSD_PERP,bid,63200,1009.69
1727053629747,BTCUSD_PERP,bid,63200,947.1
1727053630054,BTCUSD_PERP,bid,63200,885.15
1727053630358,BTCUSD_PERP,bid,63200,823.2
1727053630558,BTCUSD_PERP,bid,63200,761.25
1727053630659,BTCUSD_PERP,bid,63200,698.66
1727053630760,BTCUSD_PERP,bid,63200,636.71
1727053630760,BTCUSD_PERP,bid,63200,497.84
1727053630860,BTCUSD_PERP,bid,63200,684.45
1727053630962,BTCUSD_PERP,bid,63200,746.44
1727053636772,BTCUSD_PERP,bid,63200,622.46
1727053636872,BTCUSD_PERP,ask,64500,488.78
1727053636975,BTCUSD_PERP,bid,63200,560.47
1727053637172,BTCUSD_PERP,bid,63200,497.84
1727053637371,BTCUSD_PERP,bid,63300,497.59
1727053637472,BTCUSD_PERP,bid,63300,622.27
1727053637581,BTCUSD_PERP,bid,63300,684.93
1727053642054,BTCUSD_PERP,ask,64500,478.56
1727053645839,BTCUSD_PERP,ask,64500,468.34
1727053648504,BTCUSD_PERP,bid,63300,624.03
1727053648709,BTCUSD_PERP,bid,63300,627.66
1727053649114,BTCUSD_PERP,bid,63300,690.33
1727053651253,BTCUSD_PERP,bid,63300,627.66
1727053651760,BTCUSD_PERP,bid,63300,502.96
1727053652467,BTCUSD_PERP,bid,63300,498.41
1727053666421,BTCUSD_PERP,ask,64600,475.25
1727053668056,BTCUSD_PERP,bid,63300,501.17
1727053692213,BTCUSD_PERP,bid,63300,499.04
1727053692317,BTCUSD_PERP,bid,63200,500.02
1727053692317,BTCUSD_PERP,bid,63300,811.8
1727053692411,BTCUSD_PERP,bid,63300,874.5
1727053696712,BTCUSD_PERP,ask,64500,468.76
1727053696941,BTCUSD_PERP,ask,64500,479.08
1727053697748,BTCUSD_PERP,ask,64500,489.4
1727053705467,BTCUSD_PERP,bid,63300,749.74
1727053705675,BTCUSD_PERP,bid,63300,624.67
1727053705779,BTCUSD_PERP,bid,63300,687.34
1727053706598,BTCUSD_PERP,ask,64500,498.99
1727053719064,BTCUSD_PERP,bid,63300,562.64
1727053719166,BTCUSD_PERP,bid,63200,686.27
1727053719268,BTCUSD_PERP,bid,63200,810.89
1727053719368,BTCUSD_PERP,bid,63200,873.52
1727053769491,BTCUSD_PERP,bid,63300,499.33
1727053769593,BTCUSD_PERP,bid,63300,562.0
1727053770313,BTCUSD_PERP,bid,63300,563.58
1727053807812,BTCUSD_PERP,bid,63200,501.17
1727053825109,BTCUSD_PERP,bid,63100,563.85
1727053825209,BTCUSD_PERP,bid,63100,813.23
1727053837459,BTCUSD_PERP,bid,63100,688.81
1727053837569,BTCUSD_PERP,bid,63100,626.92
1727053837669,BTCUSD_PERP,bid,63100,564.39
1727053837982,BTCUSD_PERP,bid,63100,501.86
1727053872039,BTCUSD_PERP,bid,63100,560.86
1727053882340,BTCUSD_PERP,bid,63100,498.33
1727053884366,BTCUSD_PERP,bid,63200,498.0
1727053884674,BTCUSD_PERP,bid,63200,559.93
1727053884773,BTCUSD_PERP,bid,63200,622.5
1727053884977,BTCUSD_PERP,bid,63200,747.0
1727053885190,BTCUSD_PERP,bid,63200,872.14
1727053901411,BTCUSD_PERP,bid,63200,747.64
1727053901722,BTCUSD_PERP,bid,63100,498.94
1727053915876,BTCUSD_PERP,bid,63100,499.09
1727053916206,BTCUSD_PERP,bid,63100,561.65
1727053916415,BTCUSD_PERP,bid,63100,686.77
1727053916528,BTCUSD_PERP,bid,63100,810.61
1727053916633,BTCUSD_PERP,bid,63100,873.17
1727053916844,BTCUSD_PERP,bid,63100,935.73
1727053936053,BTCUSD_PERP,bid,63200,1010.76
1727053936163,BTCUSD_PERP,bid,63200,1072.71
1727053936266,BTCUSD_PERP,bid,63200,1135.3
1727053942693,BTCUSD_PERP,bid,63200,511.96
1727053942781,BTCUSD_PERP,bid,63200,623.64
1727053942905,BTCUSD_PERP,bid,63200,686.26
1727053943006,BTCUSD_PERP,bid,63200,810.86
1727053943218,BTCUSD_PERP,bid,63200,935.46
1727053943315,BTCUSD_PERP,bid,63200,998.08
1727053998181,BTCUSD_PERP,ask,64500,510.99
1727053999596,BTCUSD_PERP,bid,63200,935.46
1727053999794,BTCUSD_PERP,bid,63200,872.84
1727053999896,BTCUSD_PERP,bid,63200,748.24
1727054000003,BTCUSD_PERP,bid,63200,560.38
1727054000111,BTCUSD_PERP,bid,63200,498.4
1727054000414,BTCUSD_PERP,bid,63300,499.36
1727054000515,BTCUSD_PERP,bid,63300,624.68
1727054000614,BTCUSD_PERP,bid,63300,749.36
1727054000718,BTCUSD_PERP,bid,63300,750.92
1727054001031,BTCUSD_PERP,bid,63300,875.6
1727054001136,BTCUSD_PERP,bid,63300,937.62
1727054005907,BTCUSD_PERP,ask,64500,511.24
1727054019660,BTCUSD_PERP,bid,63300,812.94
1727054019757,BTCUSD_PERP,bid,63200,935.5
1727054019865,BTCUSD_PERP,bid,63200,1060.76
1727054019966,BTCUSD_PERP,bid,63200,1123.39
1727054022316,BTCUSD_PERP,ask,64500,510.84
1727054032472,BTCUSD_PERP,bid,63200,1060.76
1727054032673,BTCUSD_PERP,bid,63200,998.13
1727054032882,BTCUSD_PERP,bid,63200,936.14
1727054032988,BTCUSD_PERP,bid,63200,873.51
1727054033092,BTCUSD_PERP,bid,63200,748.89
1727054033390,BTCUSD_PERP,bid,63200,748.53
1727054045524,BTCUSD_PERP,ask,64400,510.51
1727054108561,BTCUSD_PERP,bid,63200,623.97
1727054108782,BTCUSD_PERP,bid,63200,499.52
1727054109088,BTCUSD_PERP,bid,63200,623.69
1727054109186,BTCUSD_PERP,bid,63200,623.63
1727054130983,BTCUSD_PERP,bid,63200,561.0
1727054147077,BTCUSD_PERP,bid,63200,500.93
1727054206210,BTCUSD_PERP,bid,63100,499.73
1727054206314,BTCUSD_PERP,ask,64400,510.36
1727054212950,BTCUSD_PERP,bid,63100,535.9
1727054212950,BTCUSD_PERP,ask,64400,520.24
1727054234826,BTCUSD_PERP,ask,64400,511.99
1727054258204,BTCUSD_PERP,ask,64400,520.89
1727054259498,BTCUSD_PERP,bid,63200,497.68
1727054283629,BTCUSD_PERP,bid,63200,497.44
1727054380515,BTCUSD_PERP,bid,63100,497.2
1727054471356,BTCUSD_PERP,bid,63300,499.98
1727054471457,BTCUSD_PERP,bid,63300,562.01
1727054471562,BTCUSD_PERP,bid,63300,686.71
1727054471662,BTCUSD_PERP,bid,63200,484.1
1727054471968,BTCUSD_PERP,bid,63300,749.38
1727054472071,BTCUSD_PERP,bid,63200,546.71
1727054472173,BTCUSD_PERP,bid,63200,609.31
1727054472276,BTCUSD_PERP,bid,63300,812.05
1727054488540,BTCUSD_PERP,bid,63300,687.99
1727054488633,BTCUSD_PERP,bid,63300,625.96
1727054488745,BTCUSD_PERP,bid,63300,563.29
1727054488847,BTCUSD_PERP,bid,63300,500.72
1727054489766,BTCUSD_PERP,bid,63300,566.37
1727054490075,BTCUSD_PERP,bid,63300,694.82
1727054493616,BTCUSD_PERP,bid,63300,632.1
1727054493712,BTCUSD_PERP,bid,63300,569.38
1727054494240,BTCUSD_PERP,bid,63300,499.6
1727054494337,BTCUSD_PERP,bid,63300,624.34
1727054495558,BTCUSD_PERP,bid,63300,624.49
1727054495655,BTCUSD_PERP,bid,63300,687.18
1727054506230,BTCUSD_PERP,bid,63300,561.8
1727054529913,BTCUSD_PERP,ask,64500,511.16
1727054568739,BTCUSD_PERP,ask,64300,467.26
1727054568940,BTCUSD_PERP,ask,64300,530.99
1727054581028,BTCUSD_PERP,ask,64400,520.49
1727054595492,BTCUSD_PERP,bid,63200,499.28
1727054595596,BTCUSD_PERP,bid,63200,561.85
1727054603570,BTCUSD_PERP,ask,64300,516.16
1727054612722,BTCUSD_PERP,bid,63100,560.03
1727054613255,BTCUSD_PERP,bid,63100,622.43
1727054620914,BTCUSD_PERP,ask,64400,467.38
1727054622771,BTCUSD_PERP,bid,63100,559.92
1727054622978,BTCUSD_PERP,bid,63100,497.41
1727054624118,BTCUSD_PERP,bid,63100,560.28
1727054629493,BTCUSD_PERP,bid,63100,747.45
1727054629794,BTCUSD_PERP,bid,63100,809.96
1727054664315,BTCUSD_PERP,bid,63100,747.56
1727054664625,BTCUSD_PERP,bid,63100,623.18
1727054665023,BTCUSD_PERP,bid,63100,498.8
1727054665442,BTCUSD_PERP,bid,63100,560.85
1727054709433,BTCUSD_PERP,bid,63000,559.93
1727054709536,BTCUSD_PERP,bid,63000,746.61
1727054709632,BTCUSD_PERP,bid,63000,809.05
1727054721848,BTCUSD_PERP,bid,63000,560.57
1727054722758,BTCUSD_PERP,ask,64300,509.64
1727054766804,BTCUSD_PERP,ask,64300,522.16
1727054767114,BTCUSD_PERP,ask,64300,520.25
1727054824357,BTCUSD_PERP,ask,64400,516.57
1727054824664,BTCUSD_PERP,bid,63100,511.84
1727054824767,BTCUSD_PERP,bid,63100,699.49
1727054824877,BTCUSD_PERP,bid,63100,761.4
1727054825081,BTCUSD_PERP,bid,63100,823.31
1727054825184,BTCUSD_PERP,bid,63100,885.22
1727054825289,BTCUSD_PERP,bid,63100,947.77
1727054828802,BTCUSD_PERP,ask,64400,526.86
1727054832155,BTCUSD_PERP,ask,64400,520.49
1727054878616,BTCUSD_PERP,bid,63100,885.86
1727054878724,BTCUSD_PERP,bid,63100,823.31
1727054878825,BTCUSD_PERP,bid,63100,761.4
1727054879125,BTCUSD_PERP,bid,63100,698.85
1727054879532,BTCUSD_PERP,bid,63100,574.39
1727054879631,BTCUSD_PERP,bid,63100,511.84
1727054879839,BTCUSD_PERP,bid,63100,560.76
1727054882700,BTCUSD_PERP,ask,64300,509.96
1727054887170,BTCUSD_PERP,bid,63100,498.88
1727054887474,BTCUSD_PERP,bid,63100,560.93
1727054890360,BTCUSD_PERP,ask,64300,509.71
1727054957038,BTCUSD_PERP,ask,64300,509.64
1727054958020,BTCUSD_PERP,ask,64300,519.92
