2024-09-12 17:50:36,SOLUSDT,bid,128,9790.0
2024-09-12 17:51:19,SOLUSDT,bid,132,18956.0
2024-09-12 17:51:31,SOLUSDT,bid,128,9840.0
2024-09-12 17:51:42,SOLUSDT,bid,132,18947.0
2024-09-12 17:51:42,SOLUSDT,bid,131,8115.0
2024-09-12 17:51:45,SOLUSDT,bid,115,13085.0
2024-09-12 17:52:00,SOLUSDT,bid,130,28621.0
2024-09-12 17:52:11,SOLUSDT,bid,128,9846.0
2024-09-12 17:52:31,SOLUSDT,bid,112,15190.0
2024-09-12 17:52:31,SOLUSDT,bid,128,9845.0
2024-09-12 17:52:45,SOLUSDT,bid,85,25470.0
2024-09-12 17:52:59,SOLUSDT,bid,130,28583.0
2024-09-12 17:53:03,SOLUSDT,bid,110,26621.0
2024-09-12 17:53:21,SOLUSDT,ask,137,11171.0
2024-09-12 17:53:28,SOLUSDT,ask,137,10821.0
2024-09-12 17:53:33,SOLUSDT,ask,190,42411.0
2024-09-12 17:53:41,SOLUSDT,ask,190,42417.0
2024-09-12 17:54:19,SOLUSDT,bid,128,9805.0
2024-09-12 17:54:22,SOLUSDT,bid,115,13056.0
2024-09-12 17:54:29,SOLUSDT,bid,130,28584.0
2024-09-12 17:54:40,SOLUSDT,ask,138,8685.0
2024-09-12 17:54:40,SOLUSDT,bid,91,56925.0
2024-09-12 17:55:22,SOLUSDT,bid,130,28585.0
2024-09-12 17:56:36,SOLUSDT,bid,131,8047.0
2024-09-12 17:58:10,SOLUSDT,bid,130,28603.0
2024-09-12 17:58:18,SOLUSDT,bid,123,8368.0
2024-09-12 17:58:18,SOLUSDT,bid,128,9804.0
2024-09-12 17:58:34,SOLUSDT,ask,144,36352.0
2024-09-12 18:00:28,SOLUSDT,bid,130,28585.0
2024-09-12 18:00:30,SOLUSDT,ask,138,8680.0
2024-09-12 18:00:33,SOLUSDT,bid,125,13440.0
2024-09-12 18:00:36,SOLUSDT,bid,130,10272.0
2024-09-12 18:00:36,SOLUSDT,bid,132,8362.0
2024-09-12 18:00:37,SOLUSDT,ask,138,10299.0
2024-09-12 18:00:55,SOLUSDT,ask,138,10286.0
2024-09-12 18:01:47,SOLUSDT,bid,122,16327.0
2024-09-12 18:02:01,SOLUSDT,bid,123,8385.0
2024-09-12 18:02:13,SOLUSDT,ask,138,8580.0
2024-09-12 18:02:19,SOLUSDT,bid,130,28586.0
2024-09-12 18:02:20,SOLUSDT,bid,130,28591.0
2024-09-12 18:02:25,SOLUSDT,bid,130,28592.0
2024-09-12 18:03:48,SOLUSDT,ask,137,10824.0
2024-09-12 18:04:12,SOLUSDT,bid,128,9824.0
2024-09-12 18:04:57,SOLUSDT,bid,130,28594.0
2024-09-12 18:05:09,SOLUSDT,bid,130,28579.0
2024-09-12 18:05:13,SOLUSDT,ask,145,20198.0
2024-09-12 18:05:13,SOLUSDT,bid,130,28575.0
2024-09-12 18:05:23,SOLUSDT,ask,145,20197.0
2024-09-12 18:05:24,SOLUSDT,bid,128,9817.0
2024-09-12 18:05:38,SOLUSDT,bid,132,18949.0
2024-09-12 18:05:39,SOLUSDT,bid,125,13439.0
2024-09-12 18:05:39,SOLUSDT,bid,130,28574.0
2024-09-12 18:05:39,SOLUSDT,ask,145,20196.0
2024-09-12 18:06:36,SOLUSDT,bid,130,28573.0
2024-09-12 18:06:37,SOLUSDT,bid,130,10300.0
2024-09-12 18:06:37,SOLUSDT,bid,133,8222.0
2024-09-12 18:06:38,SOLUSDT,ask,138,10265.0
2024-09-12 18:06:45,SOLUSDT,bid,132,18931.0
2024-09-12 18:07:00,SOLUSDT,bid,123,8368.0
2024-09-12 18:07:04,SOLUSDT,bid,128,9813.0
2024-09-12 18:07:14,SOLUSDT,ask,137,10827.0
2024-09-12 18:07:24,SOLUSDT,bid,130,28568.0
2024-09-12 18:07:30,SOLUSDT,bid,130,28572.0
2024-09-12 18:07:32,SOLUSDT,bid,128,9820.0
2024-09-12 18:07:35,SOLUSDT,bid,133,8256.0
2024-09-12 18:08:04,SOLUSDT,bid,130,28575.0
2024-09-12 18:08:19,SOLUSDT,bid,128,9818.0
2024-09-12 18:08:20,SOLUSDT,bid,130,28572.0
2024-09-12 18:08:22,SOLUSDT,bid,130,28570.0
2024-09-12 18:08:30,SOLUSDT,bid,130,28573.0
2024-09-12 18:08:33,SOLUSDT,bid,130,28577.0
2024-09-12 18:08:35,SOLUSDT,bid,133,8222.0
2024-09-12 18:09:24,SOLUSDT,ask,144,36349.0
2024-09-12 18:09:42,SOLUSDT,bid,130,28581.0
2024-09-12 18:09:49,SOLUSDT,bid,120,12947.0
2024-09-12 18:09:49,SOLUSDT,bid,130,28570.0
2024-09-12 18:10:36,SOLUSDT,bid,130,10264.0
2024-09-12 18:10:36,SOLUSDT,bid,133,8239.0
2024-09-12 18:10:36,SOLUSDT,ask,138,10264.0
2024-09-12 18:11:01,SOLUSDT,bid,132,18932.0
2024-09-12 18:11:14,SOLUSDT,bid,128,9820.0
2024-09-12 18:12:02,SOLUSDT,ask,137,10787.0
2024-09-12 18:12:18,SOLUSDT,ask,138,10333.0
2024-09-12 18:12:22,SOLUSDT,ask,137,10785.0
2024-09-12 18:12:25,SOLUSDT,ask,137,10788.0
2024-09-12 18:12:31,SOLUSDT,bid,120,12945.0
2024-09-12 18:12:46,SOLUSDT,ask,137,10786.0
2024-09-12 18:13:02,SOLUSDT,bid,128,9818.0
2024-09-12 18:13:28,SOLUSDT,bid,128,9819.0
2024-09-12 18:13:41,SOLUSDT,ask,144,36350.0
2024-09-12 18:13:57,SOLUSDT,bid,130,28581.0
2024-09-12 18:14:04,SOLUSDT,ask,144,36349.0
2024-09-12 18:14:43,SOLUSDT,bid,130,28582.0
2024-09-12 18:15:01,SOLUSDT,bid,132,18936.0
2024-09-12 18:15:37,SOLUSDT,ask,137,10785.0
2024-09-12 18:16:51,SOLUSDT,bid,130,28583.0
2024-09-12 18:17:18,SOLUSDT,ask,138,10264.0
2024-09-12 18:17:44,SOLUSDT,bid,130,28579.0
2024-09-12 18:17:45,SOLUSDT,bid,128,9814.0
2024-09-12 18:18:21,SOLUSDT,bid,128,9775.0
2024-09-12 18:18:22,SOLUSDT,bid,130,28556.0
2024-09-12 18:18:47,SOLUSDT,bid,130,28557.0
2024-09-12 18:19:02,SOLUSDT,bid,130,28558.0
2024-09-12 18:19:04,SOLUSDT,bid,120,12946.0
2024-09-12 18:19:17,SOLUSDT,bid,110,26622.0
2024-09-12 18:19:17,SOLUSDT,ask,146,16811.0
2024-09-12 18:19:56,SOLUSDT,bid,130,28559.0
2024-09-12 18:20:06,SOLUSDT,bid,130,28570.0
2024-09-12 18:20:13,SOLUSDT,ask,138,8570.0
2024-09-12 18:20:20,SOLUSDT,bid,130,28567.0
2024-09-12 18:20:33,SOLUSDT,bid,128,9774.0
2024-09-12 18:20:41,SOLUSDT,bid,130,28566.0
2024-09-12 18:21:49,SOLUSDT,ask,137,10748.0
2024-09-12 18:22:27,SOLUSDT,bid,130,10264.0
2024-09-12 18:22:27,SOLUSDT,bid,133,8358.0
2024-09-12 18:22:27,SOLUSDT,ask,138,10265.0
2024-09-12 18:22:40,SOLUSDT,bid,110,26629.0
2024-09-12 18:22:49,SOLUSDT,bid,125,13448.0
2024-09-12 18:22:53,SOLUSDT,bid,128,9773.0
2024-09-12 18:23:11,SOLUSDT,bid,125,13450.0
2024-09-12 18:23:13,SOLUSDT,bid,123,8360.0
2024-09-12 18:23:28,SOLUSDT,bid,128,9774.0
2024-09-12 18:23:29,SOLUSDT,bid,128,9775.0
2024-09-12 18:23:34,SOLUSDT,bid,128,9774.0
2024-09-12 18:23:35,SOLUSDT,bid,128,9773.0
2024-09-12 18:23:51,SOLUSDT,bid,128,9772.0
2024-09-12 18:24:22,SOLUSDT,bid,130,28581.0
2024-09-12 18:24:28,SOLUSDT,bid,133,8330.0
2024-09-12 18:24:32,SOLUSDT,bid,130,28586.0
2024-09-12 18:25:08,SOLUSDT,bid,132,12301.0
2024-09-12 18:25:10,SOLUSDT,bid,115,13073.0
2024-09-12 18:25:14,SOLUSDT,bid,133,8347.0
2024-09-12 18:25:39,SOLUSDT,bid,128,9863.0
2024-09-12 18:26:24,SOLUSDT,ask,138,8579.0
2024-09-12 18:27:03,SOLUSDT,ask,137,10747.0
2024-09-12 18:27:18,SOLUSDT,ask,138,8570.0
2024-09-12 18:27:19,SOLUSDT,ask,137,10749.0
2024-09-12 18:27:21,SOLUSDT,ask,137,10747.0
2024-09-12 18:27:22,SOLUSDT,ask,137,10751.0
2024-09-12 18:27:24,SOLUSDT,ask,137,10750.0
2024-09-12 18:27:25,SOLUSDT,bid,112,15187.0
2024-09-12 18:27:38,SOLUSDT,bid,132,18973.0
2024-09-12 18:27:39,SOLUSDT,ask,137,10749.0
2024-09-12 18:28:17,SOLUSDT,ask,144,36387.0
2024-09-12 18:28:38,SOLUSDT,bid,130,28588.0
2024-09-12 18:28:46,SOLUSDT,bid,128,9866.0
2024-09-12 18:28:53,SOLUSDT,bid,122,16329.0
2024-09-12 18:29:13,SOLUSDT,bid,130,28593.0
2024-09-12 18:29:15,SOLUSDT,bid,125,13452.0
2024-09-12 18:29:19,SOLUSDT,bid,115,13076.0
2024-09-12 18:29:20,SOLUSDT,bid,130,28618.0
2024-09-12 18:29:24,SOLUSDT,ask,145,13967.0
2024-09-12 18:29:24,SOLUSDT,ask,145,13967.0
2024-09-12 18:29:31,SOLUSDT,bid,110,26632.0
2024-09-12 18:29:58,SOLUSDT,bid,90,59148.0
2024-09-12 18:30:00,SOLUSDT,bid,130,28628.0
2024-09-12 18:30:13,SOLUSDT,ask,145,13962.0
2024-09-12 18:30:16,SOLUSDT,bid,130,28629.0
2024-09-12 18:30:46,SOLUSDT,bid,132,18936.0
2024-09-12 18:31:01,SOLUSDT,bid,128,9867.0
2024-09-12 18:31:07,SOLUSDT,bid,128,9866.0
2024-09-12 18:31:08,SOLUSDT,ask,137,10774.0
2024-09-12 18:31:51,SOLUSDT,bid,130,28630.0
2024-09-12 18:31:51,SOLUSDT,ask,145,20196.0
2024-09-12 18:32:18,SOLUSDT,ask,137,10773.0
2024-09-12 18:33:05,SOLUSDT,bid,115,13067.0
2024-09-12 18:34:18,SOLUSDT,bid,130,28625.0
2024-09-12 18:34:59,SOLUSDT,ask,137,10772.0
2024-09-12 18:35:22,SOLUSDT,bid,130,28621.0
2024-09-12 18:35:22,SOLUSDT,ask,137,10768.0
2024-09-12 18:35:25,SOLUSDT,bid,125,13455.0
2024-09-12 18:35:37,SOLUSDT,ask,137,10773.0
2024-09-12 18:35:51,SOLUSDT,ask,138,8520.0
2024-09-12 18:36:04,SOLUSDT,bid,130,28620.0
2024-09-12 18:36:15,SOLUSDT,ask,137,10753.0
2024-09-12 18:36:48,SOLUSDT,ask,137,10754.0
2024-09-12 18:37:32,SOLUSDT,bid,130,28637.0
2024-09-12 18:37:38,SOLUSDT,ask,151,13851.0
2024-09-12 18:38:34,SOLUSDT,bid,110,26637.0
2024-09-12 18:39:10,SOLUSDT,bid,115,13065.0
2024-09-12 18:39:10,SOLUSDT,bid,120,12945.0
2024-09-12 18:39:10,SOLUSDT,bid,125,13454.0
2024-09-12 18:39:21,SOLUSDT,bid,130,28636.0
2024-09-12 18:40:31,SOLUSDT,bid,125,13455.0
2024-09-12 18:40:51,SOLUSDT,bid,130,28637.0
2024-09-12 18:40:59,SOLUSDT,bid,128,9867.0
2024-09-12 18:41:15,SOLUSDT,bid,128,9868.0
2024-09-12 18:41:21,SOLUSDT,bid,128,9867.0
2024-09-12 18:41:51,SOLUSDT,bid,128,9860.0
2024-09-12 18:42:26,SOLUSDT,bid,130,10266.0
2024-09-12 18:42:27,SOLUSDT,bid,133,8223.0
2024-09-12 18:42:27,SOLUSDT,ask,138,10264.0
2024-09-12 18:43:12,SOLUSDT,bid,128,9861.0
2024-09-12 18:43:12,SOLUSDT,bid,128,9862.0
2024-09-12 18:43:16,SOLUSDT,bid,125,13456.0
2024-09-12 18:43:18,SOLUSDT,bid,128,9860.0
2024-09-12 18:43:30,SOLUSDT,bid,110,26625.0
2024-09-12 18:43:33,SOLUSDT,bid,125,13455.0
2024-09-12 18:44:25,SOLUSDT,bid,128,9861.0
2024-09-12 18:44:31,SOLUSDT,bid,128,9860.0
2024-09-12 18:45:39,SOLUSDT,ask,144,36514.0
2024-09-12 18:45:45,SOLUSDT,bid,130,28635.0
2024-09-12 18:46:29,SOLUSDT,bid,131,8048.0
2024-09-12 18:47:03,SOLUSDT,bid,133,8254.0
2024-09-12 18:47:05,SOLUSDT,bid,133,8223.0
2024-09-12 18:47:27,SOLUSDT,bid,128,9863.0
2024-09-12 18:47:29,SOLUSDT,ask,145,13963.0
2024-09-12 18:47:29,SOLUSDT,ask,145,13962.0
2024-09-12 18:47:44,SOLUSDT,bid,122,16336.0
2024-09-12 18:48:01,SOLUSDT,bid,130,28634.0
2024-09-12 18:48:01,SOLUSDT,bid,122,16329.0
2024-09-12 18:48:31,SOLUSDT,bid,123,8390.0
2024-09-12 18:48:31,SOLUSDT,ask,138,8544.0
2024-09-12 18:49:51,SOLUSDT,bid,128,9878.0
2024-09-12 18:50:19,SOLUSDT,bid,130,28618.0
2024-09-12 18:50:41,SOLUSDT,ask,137,10751.0
2024-09-12 18:50:41,SOLUSDT,bid,128,9885.0
2024-09-12 18:50:44,SOLUSDT,ask,147,8152.0
2024-09-12 18:51:00,SOLUSDT,bid,128,9905.0
2024-09-12 18:51:15,SOLUSDT,bid,128,9885.0
2024-09-12 18:51:48,SOLUSDT,ask,137,10752.0
2024-09-12 18:53:02,SOLUSDT,bid,128,9905.0
2024-09-12 18:53:17,SOLUSDT,bid,130,28708.0
2024-09-12 18:53:31,SOLUSDT,ask,137,10753.0
2024-09-12 18:53:35,SOLUSDT,bid,128,9890.0
2024-09-12 18:53:47,SOLUSDT,ask,137,10752.0
2024-09-12 18:54:47,SOLUSDT,bid,130,28705.0
2024-09-12 18:55:57,SOLUSDT,bid,128,9889.0
2024-09-12 18:55:57,SOLUSDT,bid,130,28704.0
2024-09-12 18:55:58,SOLUSDT,ask,137,10767.0
2024-09-12 18:56:38,SOLUSDT,ask,138,8534.0
2024-09-12 18:56:54,SOLUSDT,bid,128,9887.0
2024-09-12 18:57:29,SOLUSDT,ask,138,8544.0
2024-09-12 18:57:40,SOLUSDT,bid,130,28702.0
2024-09-12 18:57:48,SOLUSDT,ask,138,8545.0
2024-09-12 18:57:53,SOLUSDT,bid,120,13093.0
2024-09-12 18:57:58,SOLUSDT,bid,128,9886.0
2024-09-12 18:58:00,SOLUSDT,bid,125,13456.0
2024-09-12 18:58:21,SOLUSDT,ask,137,10768.0
2024-09-12 18:58:23,SOLUSDT,ask,137,10767.0
2024-09-12 18:58:25,SOLUSDT,bid,130,28687.0
2024-09-12 18:59:38,SOLUSDT,bid,130,28897.0
2024-09-12 18:59:42,SOLUSDT,bid,120,12945.0
2024-09-12 19:00:38,SOLUSDT,bid,115,13064.0
2024-09-12 19:01:11,SOLUSDT,bid,120,12947.0
2024-09-12 19:01:20,SOLUSDT,ask,137,10967.0
2024-09-12 19:01:35,SOLUSDT,bid,131,10265.0
2024-09-12 19:01:36,SOLUSDT,bid,133,8234.0
2024-09-12 19:01:36,SOLUSDT,ask,138,10266.0
2024-09-12 19:01:36,SOLUSDT,bid,128,9887.0
2024-09-12 19:01:36,SOLUSDT,bid,132,12369.0
2024-09-12 19:01:46,SOLUSDT,ask,137,10972.0
2024-09-12 19:01:57,SOLUSDT,ask,138,8550.0
2024-09-12 19:02:09,SOLUSDT,bid,130,28898.0
2024-09-12 19:02:27,SOLUSDT,bid,130,28900.0
2024-09-12 19:02:44,SOLUSDT,bid,128,9888.0
2024-09-12 19:02:57,SOLUSDT,ask,137,10970.0
2024-09-12 19:03:02,SOLUSDT,ask,144,36314.0
2024-09-12 19:03:15,SOLUSDT,bid,130,28883.0
2024-09-12 19:03:35,SOLUSDT,ask,144,36187.0
2024-09-12 19:03:55,SOLUSDT,ask,137,10971.0
2024-09-12 19:03:58,SOLUSDT,bid,120,12945.0
2024-09-12 19:04:07,SOLUSDT,ask,138,8600.0
2024-09-12 19:04:15,SOLUSDT,bid,133,8235.0
2024-09-12 19:04:16,SOLUSDT,ask,137,10946.0
2024-09-12 19:04:16,SOLUSDT,bid,133,8234.0
2024-09-12 19:04:18,SOLUSDT,bid,125,13604.0
2024-09-12 19:04:51,SOLUSDT,ask,137,10917.0
2024-09-12 19:05:01,SOLUSDT,bid,130,28983.0
2024-09-12 19:05:06,SOLUSDT,ask,137,10916.0
2024-09-12 19:05:11,SOLUSDT,bid,130,28993.0
2024-09-12 19:05:41,SOLUSDT,bid,130,29025.0
2024-09-12 19:05:49,SOLUSDT,bid,125,13644.0
2024-09-12 19:05:55,SOLUSDT,ask,144,36179.0
2024-09-12 19:05:55,SOLUSDT,bid,128,9954.0
2024-09-12 19:06:05,SOLUSDT,ask,138,8608.0
2024-09-12 19:06:36,SOLUSDT,bid,132,12301.0
2024-09-12 19:07:20,SOLUSDT,ask,137,10992.0
2024-09-12 19:07:50,SOLUSDT,ask,137,10987.0
2024-09-12 19:07:59,SOLUSDT,ask,137,10990.0
2024-09-12 19:09:03,SOLUSDT,bid,120,12944.0
2024-09-12 19:09:09,SOLUSDT,bid,131,8057.0
2024-09-12 19:09:09,SOLUSDT,bid,131,8093.0
2024-09-12 19:09:09,SOLUSDT,bid,131,8159.0
2024-09-12 19:09:10,SOLUSDT,bid,131,8167.0
2024-09-12 19:09:13,SOLUSDT,ask,138,8609.0
2024-09-12 19:09:27,SOLUSDT,ask,138,8606.0
2024-09-12 19:09:31,SOLUSDT,bid,130,28991.0
2024-09-12 19:09:39,SOLUSDT,ask,138,8613.0
2024-09-12 19:09:50,SOLUSDT,bid,120,12964.0
2024-09-12 19:09:52,SOLUSDT,bid,128,9959.0
2024-09-12 19:10:12,SOLUSDT,bid,128,9963.0
2024-09-12 19:10:16,SOLUSDT,ask,137,10998.0
2024-09-12 19:10:48,SOLUSDT,ask,138,10334.0
2024-09-12 19:11:08,SOLUSDT,bid,125,13648.0
2024-09-12 19:11:10,SOLUSDT,bid,130,29017.0
2024-09-12 19:11:19,SOLUSDT,bid,125,13679.0
2024-09-12 19:11:19,SOLUSDT,bid,132,18938.0
2024-09-12 19:11:39,SOLUSDT,bid,120,12968.0
2024-09-12 19:11:39,SOLUSDT,bid,125,13675.0
2024-09-12 19:11:44,SOLUSDT,bid,125,13695.0
2024-09-12 19:11:47,SOLUSDT,bid,125,13655.0
2024-09-12 19:12:12,SOLUSDT,bid,130,29018.0
2024-09-12 19:12:13,SOLUSDT,ask,137,11122.0
2024-09-12 19:12:30,SOLUSDT,ask,137,11114.0
2024-09-12 19:12:30,SOLUSDT,bid,131,10265.0
2024-09-12 19:12:31,SOLUSDT,bid,133,8211.0
2024-09-12 19:12:31,SOLUSDT,ask,138,10286.0
2024-09-12 19:12:32,SOLUSDT,bid,130,29039.0
2024-09-12 19:12:49,SOLUSDT,ask,138,10264.0
2024-09-12 19:13:16,SOLUSDT,bid,130,29026.0
2024-09-12 19:13:43,SOLUSDT,ask,137,11098.0
2024-09-12 19:13:57,SOLUSDT,bid,130,29025.0
2024-09-12 19:14:00,SOLUSDT,bid,131,8146.0
2024-09-12 19:14:00,SOLUSDT,bid,131,8112.0
2024-09-12 19:14:00,SOLUSDT,bid,131,8108.0
2024-09-12 19:14:01,SOLUSDT,bid,131,8083.0
2024-09-12 19:14:01,SOLUSDT,bid,131,8056.0
2024-09-12 19:14:01,SOLUSDT,bid,131,8048.0
2024-09-12 19:14:11,SOLUSDT,bid,125,13663.0
2024-09-12 19:14:16,SOLUSDT,bid,115,13061.0
2024-09-12 19:16:35,SOLUSDT,bid,132,18936.0
2024-09-12 19:16:41,SOLUSDT,ask,138,8627.0
2024-09-12 19:16:53,SOLUSDT,bid,130,29026.0
2024-09-12 19:18:46,SOLUSDT,bid,132,12001.0
2024-09-12 19:18:47,SOLUSDT,bid,131,10266.0
2024-09-12 19:18:48,SOLUSDT,bid,133,8211.0
2024-09-12 19:18:48,SOLUSDT,ask,139,10299.0
2024-09-12 19:20:04,SOLUSDT,bid,133,8215.0
2024-09-12 19:20:14,SOLUSDT,ask,137,11170.0
2024-09-12 19:20:33,SOLUSDT,ask,137,11098.0
2024-09-12 19:21:38,SOLUSDT,ask,138,8607.0
2024-09-12 19:21:53,SOLUSDT,bid,112,15183.0
2024-09-12 19:21:57,SOLUSDT,ask,138,10607.0
2024-09-12 19:22:12,SOLUSDT,ask,137,11102.0
2024-09-12 19:22:27,SOLUSDT,bid,132,18943.0
2024-09-12 19:22:27,SOLUSDT,bid,131,10264.0
2024-09-12 19:22:27,SOLUSDT,bid,133,8212.0
2024-09-12 19:22:28,SOLUSDT,ask,138,10265.0
2024-09-12 19:22:32,SOLUSDT,bid,130,29025.0
2024-09-12 19:22:43,SOLUSDT,bid,132,18936.0
2024-09-12 19:24:01,SOLUSDT,bid,128,9964.0
2024-09-12 19:24:02,SOLUSDT,bid,128,9965.0
2024-09-12 19:24:02,SOLUSDT,bid,128,9966.0
2024-09-12 19:24:07,SOLUSDT,bid,128,9965.0
2024-09-12 19:24:07,SOLUSDT,bid,128,9964.0
2024-09-12 19:24:07,SOLUSDT,bid,128,9963.0
2024-09-12 19:24:23,SOLUSDT,ask,137,11101.0
2024-09-12 19:25:03,SOLUSDT,bid,128,9958.0
2024-09-12 19:25:52,SOLUSDT,ask,137,11102.0
2024-09-12 19:25:58,SOLUSDT,bid,120,12967.0
2024-09-12 19:26:00,SOLUSDT,ask,138,10608.0
2024-09-12 19:26:06,SOLUSDT,bid,128,9959.0
2024-09-12 19:26:06,SOLUSDT,bid,130,29024.0
2024-09-12 19:26:13,SOLUSDT,bid,128,9859.0
2024-09-12 19:26:22,SOLUSDT,bid,128,9858.0
2024-09-12 19:26:40,SOLUSDT,bid,128,9859.0
2024-09-12 19:26:47,SOLUSDT,ask,137,11101.0
2024-09-12 19:27:38,SOLUSDT,bid,130,29028.0
2024-09-12 19:27:54,SOLUSDT,bid,115,13043.0
2024-09-12 19:28:07,SOLUSDT,ask,138,10622.0
2024-09-12 19:28:21,SOLUSDT,bid,123,8389.0
2024-09-12 19:28:52,SOLUSDT,bid,130,29029.0
2024-09-12 19:29:21,SOLUSDT,bid,130,29028.0
2024-09-12 19:29:44,SOLUSDT,ask,138,10608.0
2024-09-12 19:29:48,SOLUSDT,ask,147,8194.0
2024-09-12 19:29:56,SOLUSDT,bid,128,9860.0
2024-09-12 19:30:39,SOLUSDT,ask,138,10607.0
2024-09-12 19:30:53,SOLUSDT,bid,128,9855.0
2024-09-12 19:31:08,SOLUSDT,bid,132,18937.0
2024-09-12 19:31:09,SOLUSDT,bid,132,12136.0
2024-09-12 19:31:09,SOLUSDT,bid,132,18936.0
2024-09-12 19:31:10,SOLUSDT,ask,137,11121.0
2024-09-12 19:31:10,SOLUSDT,ask,138,10608.0
2024-09-12 19:31:17,SOLUSDT,ask,137,11266.0
2024-09-12 19:31:27,SOLUSDT,ask,137,11268.0
2024-09-12 19:31:28,SOLUSDT,ask,137,11266.0
2024-09-12 19:32:01,SOLUSDT,bid,123,8388.0
2024-09-12 19:32:15,SOLUSDT,ask,138,10607.0
2024-09-12 19:32:21,SOLUSDT,bid,130,28917.0
2024-09-12 19:32:28,SOLUSDT,bid,130,10271.0
2024-09-12 19:32:28,SOLUSDT,bid,133,8211.0
2024-09-12 19:32:28,SOLUSDT,ask,138,10264.0
2024-09-12 19:32:42,SOLUSDT,bid,130,29028.0
2024-09-12 19:33:16,SOLUSDT,bid,128,9853.0
2024-09-12 19:33:20,SOLUSDT,ask,137,11338.0
2024-09-12 19:33:28,SOLUSDT,bid,110,26618.0
2024-09-12 19:33:39,SOLUSDT,bid,122,16319.0
2024-09-12 19:33:40,SOLUSDT,bid,132,12158.0
2024-09-12 19:33:41,SOLUSDT,bid,132,12136.0
2024-09-12 19:33:50,SOLUSDT,bid,130,10269.0
2024-09-12 19:33:51,SOLUSDT,bid,133,8227.0
2024-09-12 19:33:51,SOLUSDT,bid,130,29018.0
2024-09-12 19:33:51,SOLUSDT,ask,138,10264.0
2024-09-12 19:33:53,SOLUSDT,bid,125,13643.0
2024-09-12 19:33:59,SOLUSDT,bid,130,28938.0
2024-09-12 19:34:08,SOLUSDT,bid,128,9833.0
2024-09-12 19:34:21,SOLUSDT,bid,125,13645.0
2024-09-12 19:35:08,SOLUSDT,bid,130,28937.0
2024-09-12 19:35:43,SOLUSDT,bid,120,12963.0
2024-09-12 19:35:58,SOLUSDT,bid,115,13037.0
2024-09-12 19:36:10,SOLUSDT,ask,137,11322.0
2024-09-12 19:36:29,SOLUSDT,bid,125,13643.0
2024-09-12 19:36:32,SOLUSDT,ask,137,11319.0
2024-09-12 19:36:50,SOLUSDT,ask,145,20186.0
2024-09-12 19:37:09,SOLUSDT,bid,132,12001.0
2024-09-12 19:37:16,SOLUSDT,bid,130,28944.0
2024-09-12 19:37:23,SOLUSDT,ask,137,11174.0
2024-09-12 19:37:52,SOLUSDT,bid,125,13644.0
2024-09-12 19:38:18,SOLUSDT,bid,130,28954.0
2024-09-12 19:38:32,SOLUSDT,bid,130,28950.0
2024-09-12 19:38:58,SOLUSDT,bid,130,28951.0
2024-09-12 19:39:24,SOLUSDT,bid,130,28931.0
2024-09-12 19:39:30,SOLUSDT,bid,110,26627.0
2024-09-12 19:39:34,SOLUSDT,bid,128,9843.0
2024-09-12 19:39:52,SOLUSDT,bid,110,26618.0
2024-09-12 19:40:13,SOLUSDT,bid,130,10264.0
2024-09-12 19:40:20,SOLUSDT,bid,123,8389.0
2024-09-12 19:40:22,SOLUSDT,bid,123,8327.0
2024-09-12 19:40:23,SOLUSDT,bid,128,9833.0
2024-09-12 19:40:28,SOLUSDT,bid,123,8326.0
2024-09-12 19:40:35,SOLUSDT,bid,131,8063.0
2024-09-12 19:40:41,SOLUSDT,bid,123,8349.0
2024-09-12 19:40:57,SOLUSDT,bid,130,28930.0
2024-09-12 19:41:05,SOLUSDT,ask,137,11172.0
2024-09-12 19:41:05,SOLUSDT,ask,145,20184.0
2024-09-12 19:41:11,SOLUSDT,bid,133,8229.0
2024-09-12 19:41:22,SOLUSDT,bid,130,28929.0
2024-09-12 19:41:23,SOLUSDT,bid,131,8048.0
2024-09-12 19:41:24,SOLUSDT,bid,130,28928.0
2024-09-12 19:41:27,SOLUSDT,bid,128,9830.0
2024-09-12 19:41:44,SOLUSDT,bid,130,28929.0
2024-09-12 19:41:49,SOLUSDT,ask,137,11171.0
2024-09-12 19:41:54,SOLUSDT,bid,120,12959.0
2024-09-12 19:41:54,SOLUSDT,bid,130,28928.0
2024-09-12 19:41:59,SOLUSDT,bid,128,9842.0
2024-09-12 19:42:04,SOLUSDT,bid,112,15231.0
2024-09-12 19:42:24,SOLUSDT,bid,130,28929.0
2024-09-12 19:42:26,SOLUSDT,ask,137,11159.0
2024-09-12 19:42:26,SOLUSDT,bid,122,16178.0
2024-09-12 19:42:27,SOLUSDT,bid,130,10264.0
2024-09-12 19:42:27,SOLUSDT,bid,132,8213.0
2024-09-12 19:42:28,SOLUSDT,ask,138,10264.0
2024-09-12 19:42:32,SOLUSDT,ask,137,11169.0
2024-09-12 19:42:35,SOLUSDT,bid,125,13648.0
2024-09-12 19:42:36,SOLUSDT,bid,128,9841.0
2024-09-12 19:42:50,SOLUSDT,bid,130,28939.0
2024-09-12 19:42:59,SOLUSDT,ask,138,8607.0
2024-09-12 19:43:11,SOLUSDT,bid,131,8116.0
2024-09-12 19:43:32,SOLUSDT,ask,145,20185.0
2024-09-12 19:43:35,SOLUSDT,bid,130,28940.0
2024-09-12 19:43:58,SOLUSDT,bid,131,8117.0
2024-09-12 19:44:05,SOLUSDT,bid,130,28939.0
2024-09-12 19:44:23,SOLUSDT,bid,122,16181.0
2024-09-12 19:44:38,SOLUSDT,bid,128,9844.0
2024-09-12 19:44:38,SOLUSDT,bid,125,13647.0
2024-09-12 19:44:41,SOLUSDT,bid,130,28952.0
2024-09-12 19:44:53,SOLUSDT,bid,130,28944.0
2024-09-12 19:44:54,SOLUSDT,bid,125,13651.0
2024-09-12 19:45:40,SOLUSDT,bid,130,28941.0
2024-09-12 19:45:49,SOLUSDT,bid,128,9839.0
2024-09-12 19:45:56,SOLUSDT,ask,137,11155.0
2024-09-12 19:46:01,SOLUSDT,bid,123,8366.0
2024-09-12 19:46:16,SOLUSDT,bid,128,9854.0
2024-09-12 19:46:35,SOLUSDT,bid,128,9824.0
2024-09-12 19:46:44,SOLUSDT,ask,137,11157.0
2024-09-12 19:46:45,SOLUSDT,bid,128,9822.0
2024-09-12 19:46:46,SOLUSDT,bid,130,28962.0
2024-09-12 19:47:06,SOLUSDT,ask,138,8605.0
2024-09-12 19:47:21,SOLUSDT,ask,138,8581.0
2024-09-12 19:47:29,SOLUSDT,bid,128,9826.0
2024-09-12 19:48:02,SOLUSDT,bid,130,28965.0
2024-09-12 19:48:05,SOLUSDT,bid,130,29049.0
2024-09-12 19:48:06,SOLUSDT,ask,147,8170.0
2024-09-12 19:48:09,SOLUSDT,ask,147,8203.0
2024-09-12 19:48:12,SOLUSDT,bid,131,8049.0
2024-09-12 19:48:16,SOLUSDT,bid,128,9811.0
2024-09-12 19:48:42,SOLUSDT,bid,130,29050.0
2024-09-12 19:48:43,SOLUSDT,bid,130,29032.0
2024-09-12 19:48:50,SOLUSDT,bid,125,13652.0
2024-09-12 19:49:34,SOLUSDT,bid,120,12956.0
2024-09-12 19:50:24,SOLUSDT,bid,131,8072.0
2024-09-12 19:50:26,SOLUSDT,ask,137,11155.0
2024-09-12 19:50:33,SOLUSDT,bid,130,29052.0
2024-09-12 19:50:33,SOLUSDT,ask,138,8509.0
2024-09-12 19:51:50,SOLUSDT,bid,131,8112.0
2024-09-12 19:51:52,SOLUSDT,bid,131,8089.0
2024-09-12 19:52:03,SOLUSDT,bid,132,8221.0
2024-09-12 19:52:03,SOLUSDT,bid,132,8243.0
2024-09-12 19:52:19,SOLUSDT,bid,128,9813.0
2024-09-12 19:52:22,SOLUSDT,bid,130,29057.0
2024-09-12 19:52:28,SOLUSDT,bid,130,10267.0
2024-09-12 19:52:28,SOLUSDT,bid,132,8233.0
2024-09-12 19:52:28,SOLUSDT,ask,138,10264.0
2024-09-12 19:52:29,SOLUSDT,bid,130,29058.0
2024-09-12 19:52:58,SOLUSDT,ask,138,8500.0
2024-09-12 19:53:04,SOLUSDT,ask,137,11164.0
2024-09-12 19:53:08,SOLUSDT,bid,130,29057.0
2024-09-12 19:53:13,SOLUSDT,ask,146,16813.0
2024-09-12 19:53:15,SOLUSDT,bid,128,9806.0
2024-09-12 19:53:23,SOLUSDT,bid,125,13504.0
2024-09-12 19:53:26,SOLUSDT,bid,130,29050.0
2024-09-12 19:53:28,SOLUSDT,bid,131,8543.0
2024-09-12 19:53:57,SOLUSDT,bid,130,29198.0
2024-09-12 19:54:00,SOLUSDT,bid,123,8349.0
2024-09-12 19:54:08,SOLUSDT,ask,147,8170.0
2024-09-12 19:54:10,SOLUSDT,bid,120,12936.0
2024-09-12 19:54:15,SOLUSDT,bid,115,13019.0
2024-09-12 19:54:25,SOLUSDT,bid,128,9807.0
2024-09-12 19:54:30,SOLUSDT,bid,130,29197.0
2024-09-12 19:54:32,SOLUSDT,bid,130,29192.0
2024-09-12 19:54:38,SOLUSDT,bid,130,29198.0
2024-09-12 19:54:54,SOLUSDT,bid,130,29164.0
2024-09-12 19:55:04,SOLUSDT,bid,130,10285.0
2024-09-12 19:55:05,SOLUSDT,bid,132,8214.0
2024-09-12 19:55:05,SOLUSDT,bid,128,9800.0
2024-09-12 19:55:05,SOLUSDT,bid,130,29161.0
2024-09-12 19:55:53,SOLUSDT,bid,120,12929.0
2024-09-12 19:55:55,SOLUSDT,ask,138,18763.0
2024-09-12 19:56:04,SOLUSDT,ask,137,11177.0
2024-09-12 19:56:18,SOLUSDT,bid,130,29155.0
2024-09-12 19:56:27,SOLUSDT,bid,125,13497.0
2024-09-12 19:56:45,SOLUSDT,bid,130,29341.0
2024-09-12 19:56:57,SOLUSDT,ask,147,8166.0
2024-09-12 19:57:07,SOLUSDT,bid,130,25032.0
2024-09-12 19:57:14,SOLUSDT,bid,130,25147.0
2024-09-12 19:57:47,SOLUSDT,bid,130,25057.0
2024-09-12 19:58:04,SOLUSDT,bid,122,16146.0
2024-09-12 19:58:06,SOLUSDT,bid,130,25058.0
2024-09-12 19:58:28,SOLUSDT,bid,131,8089.0
2024-09-12 19:58:54,SOLUSDT,bid,132,18946.0
2024-09-12 19:59:00,SOLUSDT,bid,132,18936.0
2024-09-12 19:59:03,SOLUSDT,bid,131,8049.0
2024-09-12 19:59:30,SOLUSDT,ask,144,36180.0
2024-09-12 19:59:32,SOLUSDT,bid,130,24974.0
2024-09-12 19:59:39,SOLUSDT,ask,144,36179.0
2024-09-12 19:59:46,SOLUSDT,bid,123,8351.0
2024-09-12 19:59:46,SOLUSDT,ask,138,18765.0
2024-09-12 20:00:09,SOLUSDT,bid,125,13517.0
2024-09-12 20:00:25,SOLUSDT,bid,130,24973.0
2024-09-12 20:00:30,SOLUSDT,bid,128,9798.0
2024-09-12 20:00:34,SOLUSDT,bid,128,9854.0
2024-09-12 20:00:54,SOLUSDT,bid,130,24988.0
2024-09-12 20:01:08,SOLUSDT,ask,138,18772.0
2024-09-12 20:01:26,SOLUSDT,bid,125,13515.0
2024-09-12 20:01:28,SOLUSDT,ask,138,8508.0
2024-09-12 20:01:38,SOLUSDT,bid,130,10264.0
2024-09-12 20:01:38,SOLUSDT,bid,132,8401.0
2024-09-12 20:01:38,SOLUSDT,ask,138,10265.0
2024-09-12 20:02:03,SOLUSDT,bid,128,9853.0
2024-09-12 20:02:17,SOLUSDT,bid,130,24840.0
2024-09-12 20:02:24,SOLUSDT,bid,110,26617.0
2024-09-12 20:02:24,SOLUSDT,bid,130,24847.0
2024-09-12 20:02:43,SOLUSDT,bid,128,10001.0
2024-09-12 20:03:26,SOLUSDT,bid,110,26618.0
2024-09-12 20:03:32,SOLUSDT,ask,145,20184.0
2024-09-12 20:03:46,SOLUSDT,bid,128,10009.0
2024-09-12 20:03:49,SOLUSDT,ask,146,16814.0
2024-09-12 20:04:06,SOLUSDT,ask,137,11156.0
2024-09-12 20:04:41,SOLUSDT,bid,130,24876.0
2024-09-12 20:04:54,SOLUSDT,bid,125,13513.0
2024-09-12 20:05:05,SOLUSDT,ask,138,8501.0
2024-09-12 20:05:23,SOLUSDT,ask,137,11192.0
2024-09-12 20:05:24,SOLUSDT,bid,130,24847.0
2024-09-12 20:05:31,SOLUSDT,ask,137,11180.0
2024-09-12 20:05:40,SOLUSDT,ask,138,8503.0
2024-09-12 20:06:30,SOLUSDT,ask,137,11167.0
2024-09-12 20:06:42,SOLUSDT,bid,130,24851.0
2024-09-12 20:07:08,SOLUSDT,bid,123,8350.0
2024-09-12 20:07:08,SOLUSDT,bid,128,9989.0
2024-09-12 20:07:42,SOLUSDT,ask,137,11168.0
2024-09-12 20:07:54,SOLUSDT,bid,128,9979.0
2024-09-12 20:08:41,SOLUSDT,ask,137,11167.0
2024-09-12 20:08:48,SOLUSDT,ask,137,12462.0
2024-09-12 20:08:49,SOLUSDT,bid,120,12946.0
2024-09-12 20:09:07,SOLUSDT,bid,130,10274.0
2024-09-12 20:09:07,SOLUSDT,bid,130,10333.0
2024-09-12 20:09:07,SOLUSDT,bid,130,10494.0
2024-09-12 20:09:07,SOLUSDT,bid,130,10532.0
2024-09-12 20:09:29,SOLUSDT,ask,137,11167.0
2024-09-12 20:09:53,SOLUSDT,bid,130,24891.0
2024-09-12 20:10:00,SOLUSDT,bid,130,10473.0
2024-09-12 20:11:00,SOLUSDT,bid,130,10463.0
2024-09-12 20:11:00,SOLUSDT,bid,130,10453.0
2024-09-12 20:11:00,SOLUSDT,bid,130,10380.0
2024-09-12 20:11:00,SOLUSDT,bid,130,10326.0
2024-09-12 20:11:00,SOLUSDT,bid,130,10282.0
2024-09-12 20:11:00,SOLUSDT,bid,130,10264.0
2024-09-12 20:11:16,SOLUSDT,bid,132,8419.0
2024-09-12 20:11:30,SOLUSDT,bid,120,12948.0
2024-09-12 20:11:59,SOLUSDT,ask,137,11131.0
2024-09-12 20:12:04,SOLUSDT,bid,110,26609.0
2024-09-12 20:12:28,SOLUSDT,bid,130,10265.0
2024-09-12 20:12:28,SOLUSDT,bid,133,8211.0
2024-09-12 20:12:28,SOLUSDT,ask,138,10264.0
2024-09-12 20:12:29,SOLUSDT,bid,120,12949.0
2024-09-12 20:12:57,SOLUSDT,bid,131,8050.0
2024-09-12 20:13:22,SOLUSDT,ask,138,8544.0
2024-09-12 20:13:32,SOLUSDT,ask,137,11126.0
2024-09-12 20:13:44,SOLUSDT,bid,130,24892.0
2024-09-12 20:13:44,SOLUSDT,ask,137,11127.0
2024-09-12 20:13:59,SOLUSDT,ask,137,11137.0
2024-09-12 20:14:04,SOLUSDT,ask,137,11137.0
2024-09-12 20:14:13,SOLUSDT,bid,130,24891.0
2024-09-12 20:14:17,SOLUSDT,ask,138,8530.0
2024-09-12 20:15:08,SOLUSDT,bid,125,13498.0
2024-09-12 20:15:29,SOLUSDT,ask,144,36198.0
2024-09-12 20:15:29,SOLUSDT,ask,145,20185.0
2024-09-12 20:15:32,SOLUSDT,bid,110,26607.0
2024-09-12 20:15:37,SOLUSDT,bid,128,9971.0
2024-09-12 20:15:46,SOLUSDT,bid,91,56885.0
2024-09-12 20:15:47,SOLUSDT,bid,101,26770.0
2024-09-12 20:16:19,SOLUSDT,ask,138,8521.0
2024-09-12 20:16:49,SOLUSDT,bid,130,24866.0
2024-09-12 20:16:53,SOLUSDT,bid,130,24867.0
2024-09-12 20:17:04,SOLUSDT,bid,110,26609.0
2024-09-12 20:17:04,SOLUSDT,bid,115,13021.0
2024-09-12 20:17:04,SOLUSDT,bid,120,12951.0
2024-09-12 20:17:04,SOLUSDT,bid,125,13499.0
2024-09-12 20:17:04,SOLUSDT,bid,130,24868.0
2024-09-12 20:17:04,SOLUSDT,ask,145,20186.0
2024-09-12 20:17:06,SOLUSDT,bid,122,16147.0
2024-09-12 20:17:09,SOLUSDT,bid,123,8345.0
2024-09-12 20:17:17,SOLUSDT,ask,138,10274.0
2024-09-12 20:17:19,SOLUSDT,bid,110,26610.0
2024-09-12 20:17:26,SOLUSDT,ask,138,8522.0
2024-09-12 20:17:28,SOLUSDT,bid,130,24865.0
2024-09-12 20:17:28,SOLUSDT,bid,130,24898.0
2024-09-12 20:17:29,SOLUSDT,ask,138,10264.0
2024-09-12 20:17:39,SOLUSDT,ask,146,16815.0
2024-09-12 20:17:52,SOLUSDT,bid,130,24899.0
2024-09-12 20:18:33,SOLUSDT,bid,125,13494.0
2024-09-12 20:18:34,SOLUSDT,ask,144,36163.0
2024-09-12 20:18:46,SOLUSDT,bid,123,8346.0
2024-09-12 20:18:46,SOLUSDT,bid,128,10131.0
2024-09-12 20:19:12,SOLUSDT,ask,145,20173.0
2024-09-12 20:19:46,SOLUSDT,bid,130,24866.0
2024-09-12 20:20:53,SOLUSDT,bid,128,10123.0
2024-09-12 20:21:42,SOLUSDT,bid,130,24871.0
2024-09-12 20:21:49,SOLUSDT,bid,110,26608.0
2024-09-12 20:21:49,SOLUSDT,bid,115,13019.0
2024-09-12 20:21:49,SOLUSDT,bid,120,12949.0
2024-09-12 20:21:49,SOLUSDT,bid,125,13493.0
2024-09-12 20:21:49,SOLUSDT,bid,130,24870.0
2024-09-12 20:21:49,SOLUSDT,ask,145,20172.0
2024-09-12 20:21:57,SOLUSDT,ask,137,11132.0
2024-09-12 20:22:05,SOLUSDT,bid,130,24868.0
2024-09-12 20:22:31,SOLUSDT,bid,130,10264.0
2024-09-12 20:22:31,SOLUSDT,bid,133,8241.0
2024-09-12 20:22:32,SOLUSDT,ask,138,10265.0
2024-09-12 20:23:12,SOLUSDT,bid,130,24870.0
2024-09-12 20:23:13,SOLUSDT,bid,130,24871.0
2024-09-12 20:25:05,SOLUSDT,bid,120,12950.0
2024-09-12 20:25:05,SOLUSDT,bid,125,13494.0
2024-09-12 20:25:05,SOLUSDT,bid,130,24872.0
2024-09-12 20:25:05,SOLUSDT,ask,145,20173.0
2024-09-12 20:25:29,SOLUSDT,bid,130,24879.0
2024-09-12 20:26:13,SOLUSDT,bid,133,8211.0
2024-09-12 20:26:24,SOLUSDT,bid,133,8307.0
2024-09-12 20:26:24,SOLUSDT,bid,133,8355.0
2024-09-12 20:26:25,SOLUSDT,bid,133,8211.0
2024-09-12 20:27:05,SOLUSDT,bid,128,10116.0
2024-09-12 20:27:42,SOLUSDT,bid,128,10141.0
2024-09-12 20:27:43,SOLUSDT,bid,128,10142.0
2024-09-12 20:27:48,SOLUSDT,bid,128,10117.0
2024-09-12 20:27:49,SOLUSDT,bid,128,10116.0
2024-09-12 20:28:23,SOLUSDT,ask,137,11135.0
2024-09-12 20:28:31,SOLUSDT,bid,122,16103.0
2024-09-12 20:28:56,SOLUSDT,bid,120,12916.0
2024-09-12 20:29:07,SOLUSDT,bid,130,24872.0
2024-09-12 20:29:28,SOLUSDT,bid,130,24897.0
2024-09-12 20:29:30,SOLUSDT,bid,125,13498.0
2024-09-12 20:30:05,SOLUSDT,bid,133,8259.0
2024-09-12 20:30:06,SOLUSDT,bid,133,8211.0
2024-09-12 20:30:06,SOLUSDT,bid,133,8259.0
2024-09-12 20:30:07,SOLUSDT,bid,133,8211.0
2024-09-12 20:30:07,SOLUSDT,bid,133,8259.0
2024-09-12 20:30:08,SOLUSDT,bid,133,8211.0
2024-09-12 20:30:16,SOLUSDT,bid,128,10126.0
2024-09-12 20:31:25,SOLUSDT,bid,132,18973.0
2024-09-12 20:31:35,SOLUSDT,bid,130,24847.0
2024-09-12 20:31:38,SOLUSDT,bid,130,24848.0
2024-09-12 20:31:55,SOLUSDT,bid,132,18936.0
2024-09-12 20:31:58,SOLUSDT,ask,137,11011.0
2024-09-12 20:32:30,SOLUSDT,bid,130,10264.0
2024-09-12 20:32:31,SOLUSDT,bid,133,8211.0
2024-09-12 20:32:31,SOLUSDT,ask,138,10275.0
2024-09-12 20:32:48,SOLUSDT,bid,120,12915.0
2024-09-12 20:33:14,SOLUSDT,bid,130,24829.0
2024-09-12 20:33:17,SOLUSDT,bid,130,24839.0
2024-09-12 20:33:38,SOLUSDT,bid,125,13484.0
2024-09-12 20:33:38,SOLUSDT,bid,128,10139.0
2024-09-12 20:33:40,SOLUSDT,bid,125,13478.0
2024-09-12 20:33:41,SOLUSDT,bid,128,10140.0
2024-09-12 20:33:41,SOLUSDT,bid,128,10141.0
2024-09-12 20:33:41,SOLUSDT,bid,128,10142.0
2024-09-12 20:33:47,SOLUSDT,bid,128,10142.0
2024-09-12 20:33:47,SOLUSDT,bid,128,10141.0
2024-09-12 20:33:47,SOLUSDT,bid,128,10140.0
2024-09-12 20:33:47,SOLUSDT,bid,128,10141.0
2024-09-12 20:33:53,SOLUSDT,bid,128,10140.0
2024-09-12 20:33:53,SOLUSDT,bid,128,10139.0
2024-09-12 20:34:08,SOLUSDT,bid,128,10140.0
2024-09-12 20:34:08,SOLUSDT,bid,128,10141.0
2024-09-12 20:34:11,SOLUSDT,bid,110,26615.0
2024-09-12 20:34:14,SOLUSDT,bid,128,10140.0
2024-09-12 20:34:14,SOLUSDT,bid,128,10139.0
2024-09-12 20:34:22,SOLUSDT,bid,130,24845.0
2024-09-12 20:34:23,SOLUSDT,bid,128,10138.0
2024-09-12 20:34:31,SOLUSDT,ask,137,11002.0
2024-09-12 20:34:33,SOLUSDT,bid,132,18943.0
2024-09-12 20:34:49,SOLUSDT,bid,128,10144.0
2024-09-12 20:34:57,SOLUSDT,bid,128,10145.0
2024-09-12 20:35:04,SOLUSDT,bid,128,10144.0
2024-09-12 20:35:12,SOLUSDT,bid,130,24844.0
2024-09-12 20:35:29,SOLUSDT,bid,130,24840.0
2024-09-12 20:35:56,SOLUSDT,bid,122,16109.0
2024-09-12 20:36:12,SOLUSDT,bid,130,24845.0
2024-09-12 20:36:16,SOLUSDT,bid,120,12920.0
2024-09-12 20:36:35,SOLUSDT,bid,128,10145.0
2024-09-12 20:36:41,SOLUSDT,bid,128,10144.0
2024-09-12 20:36:47,SOLUSDT,bid,130,24692.0
2024-09-12 20:36:48,SOLUSDT,bid,130,24691.0
2024-09-12 20:37:08,SOLUSDT,bid,128,10145.0
2024-09-12 20:37:15,SOLUSDT,bid,128,10144.0
2024-09-12 20:37:25,SOLUSDT,bid,130,24692.0
2024-09-12 20:37:26,SOLUSDT,bid,120,12921.0
2024-09-12 20:37:26,SOLUSDT,bid,125,13479.0
2024-09-12 20:37:26,SOLUSDT,bid,130,24693.0
2024-09-12 20:37:53,SOLUSDT,bid,123,8345.0
2024-09-12 20:37:53,SOLUSDT,bid,125,13478.0
2024-09-12 20:37:53,SOLUSDT,bid,130,24692.0
2024-09-12 20:38:15,SOLUSDT,ask,138,8527.0
2024-09-12 20:38:20,SOLUSDT,bid,125,13598.0
2024-09-12 20:38:30,SOLUSDT,bid,125,13478.0
2024-09-12 20:38:31,SOLUSDT,ask,144,36234.0
2024-09-12 20:38:42,SOLUSDT,bid,125,13598.0
2024-09-12 20:38:51,SOLUSDT,ask,137,10993.0
2024-09-12 20:39:00,SOLUSDT,bid,125,13578.0
2024-09-12 20:39:12,SOLUSDT,ask,137,11293.0
2024-09-12 20:39:27,SOLUSDT,ask,137,11288.0
2024-09-12 20:39:31,SOLUSDT,bid,128,10145.0
2024-09-12 20:39:38,SOLUSDT,bid,128,10144.0
2024-09-12 20:39:40,SOLUSDT,bid,130,24792.0
2024-09-12 20:39:52,SOLUSDT,bid,130,24692.0
2024-09-12 20:39:53,SOLUSDT,bid,123,8329.0
2024-09-12 20:39:54,SOLUSDT,bid,122,16093.0
2024-09-12 20:40:16,SOLUSDT,bid,130,24695.0
2024-09-12 20:40:20,SOLUSDT,ask,145,13963.0
2024-09-12 20:40:21,SOLUSDT,ask,138,8598.0
2024-09-12 20:40:21,SOLUSDT,ask,137,11290.0
2024-09-12 20:40:34,SOLUSDT,bid,115,13018.0
2024-09-12 20:40:34,SOLUSDT,bid,120,12920.0
2024-09-12 20:40:34,SOLUSDT,bid,122,16092.0
2024-09-12 20:40:34,SOLUSDT,bid,123,8328.0
2024-09-12 20:40:34,SOLUSDT,bid,125,13577.0
2024-09-12 20:40:34,SOLUSDT,bid,128,10143.0
2024-09-12 20:40:34,SOLUSDT,bid,130,24694.0
2024-09-12 20:40:34,SOLUSDT,ask,137,11289.0
2024-09-12 20:40:34,SOLUSDT,ask,138,8597.0
2024-09-12 20:40:34,SOLUSDT,ask,144,36233.0
2024-09-12 20:40:34,SOLUSDT,ask,145,20176.0
2024-09-12 20:40:34,SOLUSDT,ask,146,16814.0
2024-09-12 20:40:34,SOLUSDT,ask,147,8165.0
2024-09-12 20:40:35,SOLUSDT,ask,145,13962.0
2024-09-12 20:40:55,SOLUSDT,bid,128,11354.0
2024-09-12 20:41:31,SOLUSDT,bid,125,13557.0
2024-09-12 20:41:48,SOLUSDT,bid,120,12900.0
2024-09-12 20:41:56,SOLUSDT,ask,138,8526.0
2024-09-12 20:42:05,SOLUSDT,bid,128,11356.0
2024-09-12 20:42:11,SOLUSDT,bid,128,11354.0
2024-09-12 20:42:11,SOLUSDT,ask,145,20183.0
2024-09-12 20:42:19,SOLUSDT,bid,131,10265.0
2024-09-12 20:42:20,SOLUSDT,bid,133,8237.0
2024-09-12 20:42:20,SOLUSDT,ask,138,10264.0
2024-09-12 20:42:20,SOLUSDT,bid,125,13549.0
2024-09-12 20:42:33,SOLUSDT,bid,120,12875.0
2024-09-12 20:42:48,SOLUSDT,ask,138,8560.0
2024-09-12 20:42:55,SOLUSDT,bid,131,8060.0
2024-09-12 20:42:59,SOLUSDT,bid,122,16116.0
2024-09-12 20:43:12,SOLUSDT,bid,128,11353.0
2024-09-12 20:43:14,SOLUSDT,bid,128,11340.0
2024-09-12 20:43:18,SOLUSDT,bid,132,18980.0
2024-09-12 20:43:40,SOLUSDT,bid,133,8237.0
2024-09-12 20:43:41,SOLUSDT,bid,133,8285.0
2024-09-12 20:43:41,SOLUSDT,bid,133,8237.0
2024-09-12 20:43:41,SOLUSDT,bid,133,8285.0
2024-09-12 20:43:41,SOLUSDT,bid,133,8237.0
2024-09-12 20:43:42,SOLUSDT,bid,133,8285.0
2024-09-12 20:43:42,SOLUSDT,bid,133,8237.0
2024-09-12 20:43:42,SOLUSDT,ask,138,8571.0
2024-09-12 20:43:53,SOLUSDT,ask,137,12311.0
2024-09-12 20:44:07,SOLUSDT,bid,133,7526.0
2024-09-12 20:44:19,SOLUSDT,bid,133,7574.0
2024-09-12 20:44:19,SOLUSDT,bid,133,7622.0
2024-09-12 20:44:20,SOLUSDT,ask,138,8622.0
2024-09-12 20:44:21,SOLUSDT,bid,133,7526.0
2024-09-12 20:44:27,SOLUSDT,bid,130,24794.0
2024-09-12 20:44:29,SOLUSDT,bid,133,7574.0
2024-09-12 20:44:29,SOLUSDT,bid,133,7526.0
2024-09-12 20:44:32,SOLUSDT,ask,138,8586.0
2024-09-12 20:45:07,SOLUSDT,ask,138,8535.0
2024-09-12 20:45:21,SOLUSDT,ask,137,12391.0
2024-09-12 20:45:28,SOLUSDT,bid,123,8327.0
2024-09-12 20:45:41,SOLUSDT,bid,133,8253.0
2024-09-12 20:45:52,SOLUSDT,bid,112,15201.0
2024-09-12 20:45:59,SOLUSDT,bid,133,7532.0
2024-09-12 20:46:23,SOLUSDT,bid,130,24814.0
2024-09-12 20:46:25,SOLUSDT,bid,120,12867.0
2024-09-12 20:46:33,SOLUSDT,bid,130,24812.0
2024-09-12 20:46:34,SOLUSDT,bid,132,19093.0
2024-09-12 20:46:36,SOLUSDT,bid,130,24814.0
2024-09-12 20:46:44,SOLUSDT,bid,110,26608.0
2024-09-12 20:46:47,SOLUSDT,bid,133,8237.0
2024-09-12 20:47:01,SOLUSDT,bid,130,24793.0
2024-09-12 20:47:07,SOLUSDT,ask,145,20176.0
2024-09-12 20:47:13,SOLUSDT,bid,132,18980.0
2024-09-12 20:47:14,SOLUSDT,bid,133,7632.0
2024-09-12 20:47:14,SOLUSDT,bid,133,7631.0
2024-09-12 20:47:22,SOLUSDT,ask,137,12431.0
2024-09-12 20:47:24,SOLUSDT,bid,133,7532.0
2024-09-12 20:47:24,SOLUSDT,bid,120,12866.0
2024-09-12 20:47:24,SOLUSDT,bid,125,13548.0
2024-09-12 20:47:24,SOLUSDT,bid,130,24792.0
2024-09-12 20:47:25,SOLUSDT,bid,132,12021.0
2024-09-12 20:47:26,SOLUSDT,bid,128,11440.0
2024-09-12 20:47:27,SOLUSDT,ask,138,8494.0
2024-09-12 20:47:28,SOLUSDT,ask,138,8444.0
2024-09-12 20:47:29,SOLUSDT,ask,147,8184.0
2024-09-12 20:47:51,SOLUSDT,bid,133,8244.0
2024-09-12 20:47:57,SOLUSDT,bid,130,24815.0
2024-09-12 20:47:57,SOLUSDT,bid,133,8237.0
2024-09-12 20:48:37,SOLUSDT,bid,133,8754.0
2024-09-12 20:48:39,SOLUSDT,ask,138,8410.0
2024-09-12 20:48:59,SOLUSDT,bid,130,24814.0
2024-09-12 20:49:00,SOLUSDT,bid,128,11459.0
2024-09-12 20:49:00,SOLUSDT,ask,137,12429.0
2024-09-12 20:49:03,SOLUSDT,bid,110,26613.0
2024-09-12 20:49:15,SOLUSDT,bid,133,8237.0
2024-09-12 20:49:16,SOLUSDT,bid,133,8239.0
2024-09-12 20:49:16,SOLUSDT,bid,133,8237.0
2024-09-12 20:49:16,SOLUSDT,bid,133,8239.0
2024-09-12 20:49:24,SOLUSDT,bid,133,8237.0
2024-09-12 20:49:32,SOLUSDT,bid,128,11469.0
2024-09-12 20:49:33,SOLUSDT,bid,130,24812.0
2024-09-12 20:49:34,SOLUSDT,bid,130,24813.0
2024-09-12 20:49:45,SOLUSDT,bid,128,11465.0
2024-09-12 20:49:48,SOLUSDT,bid,128,11466.0
2024-09-12 20:49:53,SOLUSDT,bid,110,26612.0
2024-09-12 20:49:53,SOLUSDT,bid,120,12865.0
2024-09-12 20:49:53,SOLUSDT,bid,130,24812.0
2024-09-12 20:50:00,SOLUSDT,ask,137,12129.0
2024-09-12 20:50:09,SOLUSDT,bid,133,8239.0
2024-09-12 20:50:09,SOLUSDT,bid,133,8237.0
2024-09-12 20:50:09,SOLUSDT,bid,133,8239.0
2024-09-12 20:50:16,SOLUSDT,bid,133,8237.0
2024-09-12 20:50:16,SOLUSDT,bid,133,8239.0
2024-09-12 20:50:23,SOLUSDT,ask,144,36260.0
2024-09-12 20:50:25,SOLUSDT,bid,120,12878.0
2024-09-12 20:50:40,SOLUSDT,bid,131,10295.0
2024-09-12 20:50:40,SOLUSDT,bid,133,8609.0
2024-09-12 20:50:41,SOLUSDT,bid,133,8239.0
2024-09-12 20:50:41,SOLUSDT,bid,132,19055.0
2024-09-12 20:50:44,SOLUSDT,bid,132,12001.0
2024-09-12 20:50:47,SOLUSDT,bid,130,24827.0
2024-09-12 20:51:04,SOLUSDT,bid,132,19079.0
2024-09-12 20:51:06,SOLUSDT,bid,128,11467.0
2024-09-12 20:51:06,SOLUSDT,ask,137,11627.0
2024-09-12 20:51:07,SOLUSDT,bid,132,19055.0
2024-09-12 20:51:10,SOLUSDT,bid,132,12034.0
2024-09-12 20:51:11,SOLUSDT,bid,133,8271.0
2024-09-12 20:51:20,SOLUSDT,bid,133,8239.0
2024-09-12 20:51:27,SOLUSDT,bid,133,8237.0
2024-09-12 20:51:34,SOLUSDT,bid,132,18980.0
2024-09-12 20:51:34,SOLUSDT,bid,128,11170.0
2024-09-12 20:51:35,SOLUSDT,bid,125,13025.0
2024-09-12 20:51:41,SOLUSDT,bid,128,11022.0
2024-09-12 20:51:47,SOLUSDT,bid,130,24832.0
2024-09-12 20:51:59,SOLUSDT,bid,128,11027.0
2024-09-12 20:52:00,SOLUSDT,bid,128,11101.0
2024-09-12 20:52:07,SOLUSDT,bid,132,12001.0
2024-09-12 20:52:11,SOLUSDT,bid,125,13173.0
2024-09-12 20:52:13,SOLUSDT,bid,110,26608.0
2024-09-12 20:52:19,SOLUSDT,bid,128,10745.0
2024-09-12 20:52:20,SOLUSDT,bid,131,8280.0
2024-09-12 20:52:20,SOLUSDT,ask,139,10264.0
2024-09-12 20:52:20,SOLUSDT,bid,123,8475.0
2024-09-12 20:52:23,SOLUSDT,bid,122,16264.0
2024-09-12 20:52:31,SOLUSDT,bid,131,8212.0
2024-09-12 20:52:34,SOLUSDT,bid,129,10267.0
2024-09-12 20:52:34,SOLUSDT,bid,131,8385.0
2024-09-12 20:52:35,SOLUSDT,ask,139,10264.0
2024-09-12 20:52:50,SOLUSDT,bid,122,16263.0
2024-09-12 20:53:03,SOLUSDT,bid,130,24831.0
2024-09-12 20:53:12,SOLUSDT,bid,125,13172.0
2024-09-12 20:53:27,SOLUSDT,bid,131,8234.0
2024-09-12 20:53:29,SOLUSDT,bid,129,10268.0
2024-09-12 20:53:29,SOLUSDT,ask,138,8409.0
2024-09-12 20:53:30,SOLUSDT,bid,131,9123.0
2024-09-12 20:53:32,SOLUSDT,bid,123,8477.0
2024-09-12 20:53:33,SOLUSDT,bid,130,24816.0
2024-09-12 20:53:33,SOLUSDT,bid,131,8973.0
2024-09-12 20:53:47,SOLUSDT,bid,130,24823.0
2024-09-12 20:53:50,SOLUSDT,bid,130,24813.0
2024-09-12 20:53:55,SOLUSDT,bid,128,11001.0
2024-09-12 20:53:55,SOLUSDT,bid,130,24713.0
2024-09-12 20:54:00,SOLUSDT,bid,123,8478.0
2024-09-12 20:54:09,SOLUSDT,bid,123,8477.0
2024-09-12 20:54:27,SOLUSDT,ask,138,8430.0
2024-09-12 20:54:45,SOLUSDT,bid,130,10280.0
2024-09-12 20:54:46,SOLUSDT,bid,132,8211.0
2024-09-12 20:54:46,SOLUSDT,ask,139,10265.0
2024-09-12 20:54:50,SOLUSDT,bid,132,8229.0
2024-09-12 20:55:38,SOLUSDT,bid,123,8387.0
2024-09-12 20:55:41,SOLUSDT,bid,132,8211.0
2024-09-12 20:56:00,SOLUSDT,bid,131,8052.0
2024-09-12 20:56:00,SOLUSDT,bid,132,19002.0
2024-09-12 20:56:01,SOLUSDT,bid,132,19020.0
2024-09-12 20:56:02,SOLUSDT,bid,132,18998.0
2024-09-12 20:56:20,SOLUSDT,bid,130,24712.0
2024-09-12 20:56:23,SOLUSDT,ask,138,8428.0
2024-09-12 20:56:36,SOLUSDT,bid,132,18980.0
2024-09-12 20:57:06,SOLUSDT,bid,128,11002.0
2024-09-12 20:57:10,SOLUSDT,bid,130,24713.0
2024-09-12 20:58:18,SOLUSDT,ask,138,8728.0
2024-09-12 20:58:43,SOLUSDT,bid,132,12002.0
2024-09-12 20:58:54,SOLUSDT,ask,138,8722.0
2024-09-12 20:58:55,SOLUSDT,bid,128,11085.0
2024-09-12 20:59:10,SOLUSDT,ask,137,11624.0
2024-09-12 20:59:21,SOLUSDT,bid,130,24704.0
2024-09-12 20:59:38,SOLUSDT,bid,128,11155.0
2024-09-12 20:59:52,SOLUSDT,ask,145,20176.0
2024-09-12 21:01:21,SOLUSDT,bid,130,24703.0
2024-09-12 21:01:24,SOLUSDT,bid,128,11187.0
2024-09-12 21:01:56,SOLUSDT,bid,115,13017.0
2024-09-12 21:01:56,SOLUSDT,bid,120,12877.0
2024-09-12 21:01:56,SOLUSDT,bid,125,13171.0
2024-09-12 21:01:56,SOLUSDT,bid,130,24702.0
2024-09-12 21:02:00,SOLUSDT,bid,130,24687.0
2024-09-12 21:02:00,SOLUSDT,bid,125,13166.0
2024-09-12 21:02:00,SOLUSDT,bid,128,11182.0
2024-09-12 21:02:00,SOLUSDT,bid,130,24682.0
2024-09-12 21:02:00,SOLUSDT,ask,137,11619.0
2024-09-12 21:02:00,SOLUSDT,ask,138,8717.0
2024-09-12 21:02:19,SOLUSDT,ask,137,11554.0
2024-09-12 21:02:49,SOLUSDT,bid,122,16264.0
2024-09-12 21:02:49,SOLUSDT,bid,130,24683.0
2024-09-12 21:02:49,SOLUSDT,ask,138,8718.0
2024-09-12 21:02:49,SOLUSDT,ask,146,16815.0
2024-09-12 21:03:09,SOLUSDT,bid,122,16261.0
2024-09-12 21:03:56,SOLUSDT,bid,132,12001.0
2024-09-12 21:04:11,SOLUSDT,bid,130,24753.0
2024-09-12 21:04:26,SOLUSDT,ask,137,11474.0
2024-09-12 21:04:29,SOLUSDT,ask,138,8765.0
2024-09-12 21:04:55,SOLUSDT,bid,130,24752.0
2024-09-12 21:04:59,SOLUSDT,ask,137,11494.0
2024-09-12 21:05:14,SOLUSDT,bid,128,11181.0
2024-09-12 21:05:32,SOLUSDT,bid,125,13158.0
2024-09-12 21:05:32,SOLUSDT,bid,128,11180.0
2024-09-12 21:05:47,SOLUSDT,bid,125,13159.0
2024-09-12 21:05:47,SOLUSDT,ask,138,8765.0
2024-09-12 21:06:08,SOLUSDT,ask,144,37014.0
2024-09-12 21:06:11,SOLUSDT,bid,125,13160.0
2024-09-12 21:06:11,SOLUSDT,bid,128,11181.0
2024-09-12 21:06:11,SOLUSDT,bid,130,24753.0
2024-09-12 21:06:11,SOLUSDT,ask,137,11495.0
2024-09-12 21:06:11,SOLUSDT,ask,138,8766.0
2024-09-12 21:06:11,SOLUSDT,ask,144,37015.0
2024-09-12 21:06:11,SOLUSDT,ask,145,20172.0
2024-09-12 21:06:13,SOLUSDT,bid,128,11182.0
2024-09-12 21:06:19,SOLUSDT,bid,128,11181.0
2024-09-12 21:06:25,SOLUSDT,bid,130,24756.0
2024-09-12 21:06:38,SOLUSDT,bid,128,11182.0
2024-09-12 21:06:44,SOLUSDT,bid,128,11181.0
2024-09-12 21:06:59,SOLUSDT,bid,130,24757.0
2024-09-12 21:07:01,SOLUSDT,bid,130,24756.0
2024-09-12 21:07:07,SOLUSDT,bid,130,24753.0
2024-09-12 21:07:10,SOLUSDT,bid,130,24752.0
2024-09-12 21:07:20,SOLUSDT,ask,138,8695.0
2024-09-12 21:07:24,SOLUSDT,bid,128,11206.0
2024-09-12 21:07:39,SOLUSDT,ask,137,11539.0
2024-09-12 21:07:59,SOLUSDT,ask,138,8694.0
2024-09-12 21:08:09,SOLUSDT,bid,131,8112.0
2024-09-12 21:08:24,SOLUSDT,bid,132,19007.0
2024-09-12 21:08:43,SOLUSDT,ask,138,8695.0
2024-09-12 21:08:47,SOLUSDT,bid,132,19008.0
2024-09-12 21:09:03,SOLUSDT,bid,130,24905.0
2024-09-12 21:09:15,SOLUSDT,ask,138,8698.0
2024-09-12 21:09:50,SOLUSDT,bid,130,24914.0
2024-09-12 21:09:56,SOLUSDT,bid,128,11205.0
2024-09-12 21:10:08,SOLUSDT,bid,110,26635.0
2024-09-12 21:10:14,SOLUSDT,bid,122,16251.0
2024-09-12 21:10:19,SOLUSDT,bid,130,24895.0
2024-09-12 21:10:26,SOLUSDT,ask,144,37005.0
2024-09-12 21:10:40,SOLUSDT,bid,120,12677.0
2024-09-12 21:11:30,SOLUSDT,bid,123,8385.0
2024-09-12 21:11:35,SOLUSDT,ask,147,8077.0
2024-09-12 21:12:04,SOLUSDT,ask,137,11542.0
2024-09-12 21:12:19,SOLUSDT,bid,128,11207.0
2024-09-12 21:12:22,SOLUSDT,bid,131,8052.0
2024-09-12 21:12:28,SOLUSDT,bid,130,10264.0
2024-09-12 21:12:28,SOLUSDT,bid,133,8212.0
2024-09-12 21:12:29,SOLUSDT,ask,138,10265.0
2024-09-12 21:12:39,SOLUSDT,bid,128,11177.0
2024-09-12 21:12:57,SOLUSDT,bid,125,13182.0
2024-09-12 21:12:57,SOLUSDT,bid,128,11199.0
2024-09-12 21:12:57,SOLUSDT,bid,130,24917.0
2024-09-12 21:12:57,SOLUSDT,ask,137,11564.0
2024-09-12 21:12:57,SOLUSDT,ask,138,8720.0
2024-09-12 21:12:57,SOLUSDT,ask,144,37027.0
2024-09-12 21:12:57,SOLUSDT,ask,145,20194.0
2024-09-12 21:13:00,SOLUSDT,ask,137,11566.0
2024-09-12 21:13:29,SOLUSDT,ask,138,8704.0
2024-09-12 21:13:30,SOLUSDT,ask,138,8767.0
2024-09-12 21:13:34,SOLUSDT,ask,138,8792.0
2024-09-12 21:13:36,SOLUSDT,bid,130,24877.0
2024-09-12 21:13:39,SOLUSDT,ask,138,8792.0
2024-09-12 21:14:05,SOLUSDT,bid,131,10664.0
2024-09-12 21:14:05,SOLUSDT,bid,133,8233.0
2024-09-12 21:14:06,SOLUSDT,ask,138,10275.0
2024-09-12 21:14:15,SOLUSDT,bid,130,24880.0
2024-09-12 21:14:34,SOLUSDT,ask,138,8802.0
2024-09-12 21:14:40,SOLUSDT,bid,120,12665.0
2024-09-12 21:15:00,SOLUSDT,bid,131,10267.0
2024-09-12 21:15:01,SOLUSDT,bid,133,8245.0
2024-09-12 21:15:01,SOLUSDT,ask,139,10268.0
2024-09-12 21:15:10,SOLUSDT,bid,133,8215.0
2024-09-12 21:15:13,SOLUSDT,ask,138,8806.0
2024-09-12 21:15:18,SOLUSDT,ask,146,16841.0
2024-09-12 21:15:20,SOLUSDT,ask,138,10177.0
2024-09-12 21:15:20,SOLUSDT,bid,115,13016.0
2024-09-12 21:15:22,SOLUSDT,bid,130,24879.0
2024-09-12 21:15:22,SOLUSDT,ask,137,11596.0
2024-09-12 21:15:42,SOLUSDT,ask,139,10268.0
2024-09-12 21:15:43,SOLUSDT,ask,145,20195.0
2024-09-12 21:16:09,SOLUSDT,ask,138,10178.0
2024-09-12 21:16:13,SOLUSDT,ask,138,10167.0
2024-09-12 21:16:13,SOLUSDT,bid,125,13181.0
2024-09-12 21:16:16,SOLUSDT,ask,137,11567.0
2024-09-12 21:16:50,SOLUSDT,bid,130,24881.0
2024-09-12 21:16:50,SOLUSDT,ask,137,11569.0
2024-09-12 21:16:50,SOLUSDT,ask,138,10169.0
2024-09-12 21:17:00,SOLUSDT,bid,130,24860.0
2024-09-12 21:17:02,SOLUSDT,bid,133,8244.0
2024-09-12 21:17:04,SOLUSDT,bid,130,24871.0
2024-09-12 21:17:04,SOLUSDT,bid,133,8215.0
2024-09-12 21:17:21,SOLUSDT,bid,130,24858.0
2024-09-12 21:17:26,SOLUSDT,bid,133,8227.0
2024-09-12 21:17:26,SOLUSDT,bid,133,8227.0
2024-09-12 21:17:26,SOLUSDT,bid,133,8215.0
2024-09-12 21:17:26,SOLUSDT,bid,133,8215.0
2024-09-12 21:17:28,SOLUSDT,ask,144,36989.0
2024-09-12 21:17:30,SOLUSDT,bid,130,24705.0
2024-09-12 21:17:34,SOLUSDT,bid,125,13180.0
2024-09-12 21:17:46,SOLUSDT,ask,137,11690.0
2024-09-12 21:18:14,SOLUSDT,bid,130,24706.0
2024-09-12 21:18:17,SOLUSDT,ask,147,8127.0
2024-09-12 21:18:19,SOLUSDT,ask,147,8177.0
2024-09-12 21:18:20,SOLUSDT,ask,147,8127.0
2024-09-12 21:18:22,SOLUSDT,bid,128,11179.0
2024-09-12 21:18:23,SOLUSDT,ask,147,8077.0
2024-09-12 21:18:24,SOLUSDT,ask,137,11689.0
2024-09-12 21:18:26,SOLUSDT,ask,138,10267.0
2024-09-12 21:18:29,SOLUSDT,ask,137,11691.0
2024-09-12 21:18:31,SOLUSDT,ask,137,11752.0
2024-09-12 21:18:36,SOLUSDT,ask,137,11832.0
2024-09-12 21:18:46,SOLUSDT,ask,137,11868.0
2024-09-12 21:18:56,SOLUSDT,ask,137,11562.0
2024-09-12 21:19:13,SOLUSDT,bid,122,16250.0
2024-09-12 21:19:13,SOLUSDT,bid,130,24705.0
2024-09-12 21:19:13,SOLUSDT,ask,138,10266.0
2024-09-12 21:19:13,SOLUSDT,ask,146,16840.0
2024-09-12 21:19:13,SOLUSDT,ask,137,11581.0
2024-09-12 21:19:18,SOLUSDT,ask,137,11520.0
2024-09-12 21:19:18,SOLUSDT,ask,145,20201.0
2024-09-12 21:19:29,SOLUSDT,ask,138,10267.0
2024-09-12 21:19:34,SOLUSDT,ask,138,10256.0
2024-09-12 21:19:41,SOLUSDT,bid,128,11180.0
2024-09-12 21:19:51,SOLUSDT,ask,138,10266.0
2024-09-12 21:20:04,SOLUSDT,bid,130,24703.0
2024-09-12 21:20:22,SOLUSDT,ask,138,10266.0
2024-09-12 21:20:24,SOLUSDT,bid,130,24633.0
2024-09-12 21:20:36,SOLUSDT,bid,131,10267.0
2024-09-12 21:20:36,SOLUSDT,ask,139,10269.0
2024-09-12 21:20:37,SOLUSDT,ask,137,8212.0
2024-09-12 21:20:37,SOLUSDT,ask,138,10263.0
2024-09-12 21:20:40,SOLUSDT,ask,138,10264.0
2024-09-12 21:20:51,SOLUSDT,bid,112,15198.0
2024-09-12 21:20:52,SOLUSDT,ask,137,11527.0
2024-09-12 21:20:55,SOLUSDT,ask,138,10265.0
2024-09-12 21:20:56,SOLUSDT,bid,125,13199.0
2024-09-12 21:20:57,SOLUSDT,bid,125,13079.0
2024-09-12 21:21:10,SOLUSDT,bid,131,8062.0
2024-09-12 21:21:10,SOLUSDT,bid,120,12865.0
2024-09-12 21:21:13,SOLUSDT,bid,130,24607.0
2024-09-12 21:21:13,SOLUSDT,bid,122,16250.0
2024-09-12 21:21:14,SOLUSDT,bid,122,16250.0
2024-09-12 21:21:17,SOLUSDT,ask,138,10261.0
2024-09-12 21:21:21,SOLUSDT,bid,130,24633.0
2024-09-12 21:21:26,SOLUSDT,ask,138,10272.0
2024-09-12 21:21:28,SOLUSDT,ask,137,11552.0
2024-09-12 21:21:36,SOLUSDT,ask,138,10295.0
2024-09-12 21:21:37,SOLUSDT,ask,137,11563.0
2024-09-12 21:21:39,SOLUSDT,ask,137,11564.0
2024-09-12 21:21:39,SOLUSDT,bid,132,19007.0
2024-09-12 21:21:46,SOLUSDT,ask,137,11565.0
2024-09-12 21:22:05,SOLUSDT,bid,128,11020.0
2024-09-12 21:22:11,SOLUSDT,ask,138,10296.0
2024-09-12 21:22:11,SOLUSDT,ask,137,11570.0
2024-09-12 21:22:13,SOLUSDT,ask,137,11545.0
2024-09-12 21:22:27,SOLUSDT,bid,125,13080.0
2024-09-12 21:22:28,SOLUSDT,bid,120,12870.0
2024-09-12 21:22:30,SOLUSDT,bid,130,24908.0
2024-09-12 21:22:55,SOLUSDT,ask,137,11545.0
2024-09-12 21:23:05,SOLUSDT,bid,131,10264.0
2024-09-12 21:23:05,SOLUSDT,ask,140,10266.0
2024-09-12 21:23:06,SOLUSDT,ask,137,8211.0
2024-09-12 21:23:12,SOLUSDT,bid,130,24909.0
2024-09-12 21:23:13,SOLUSDT,ask,137,11547.0
2024-09-12 21:23:13,SOLUSDT,bid,125,13081.0
2024-09-12 21:23:13,SOLUSDT,ask,138,10297.0
2024-09-12 21:23:17,SOLUSDT,bid,130,24910.0
2024-09-12 21:23:17,SOLUSDT,ask,137,11548.0
2024-09-12 21:23:20,SOLUSDT,bid,130,24907.0
2024-09-12 21:23:33,SOLUSDT,bid,130,24906.0
2024-09-12 21:23:34,SOLUSDT,ask,138,10287.0
2024-09-12 21:23:38,SOLUSDT,ask,138,10288.0
2024-09-12 21:23:39,SOLUSDT,ask,137,11231.0
2024-09-12 21:23:39,SOLUSDT,bid,120,12871.0
2024-09-12 21:23:44,SOLUSDT,ask,145,20206.0
2024-09-12 21:23:55,SOLUSDT,ask,137,11232.0
2024-09-12 21:23:55,SOLUSDT,ask,138,10289.0
2024-09-12 21:23:57,SOLUSDT,ask,137,11332.0
2024-09-12 21:24:00,SOLUSDT,ask,137,11404.0
2024-09-12 21:24:02,SOLUSDT,ask,137,13842.0
2024-09-12 21:24:07,SOLUSDT,ask,137,13700.0
2024-09-12 21:24:11,SOLUSDT,ask,138,10295.0
2024-09-12 21:24:11,SOLUSDT,ask,138,10297.0
2024-09-12 21:24:17,SOLUSDT,ask,138,10296.0
2024-09-12 21:24:36,SOLUSDT,ask,138,10295.0
2024-09-12 21:24:51,SOLUSDT,bid,128,11019.0
2024-09-12 21:24:54,SOLUSDT,bid,130,24905.0
2024-09-12 21:24:59,SOLUSDT,ask,138,10313.0
2024-09-12 21:25:14,SOLUSDT,bid,130,24906.0
2024-09-12 21:25:34,SOLUSDT,ask,137,13701.0
2024-09-12 21:25:40,SOLUSDT,bid,110,26642.0
2024-09-12 21:25:43,SOLUSDT,ask,145,20221.0
2024-09-12 21:25:46,SOLUSDT,ask,146,16841.0
2024-09-12 21:26:00,SOLUSDT,ask,137,13700.0
2024-09-12 21:26:15,SOLUSDT,ask,138,10318.0
2024-09-12 21:26:22,SOLUSDT,ask,137,13620.0
2024-09-12 21:26:22,SOLUSDT,bid,130,24907.0
2024-09-12 21:26:25,SOLUSDT,ask,137,13630.0
2024-09-12 21:26:33,SOLUSDT,bid,132,10264.0
2024-09-12 21:26:33,SOLUSDT,ask,139,10264.0
2024-09-12 21:26:34,SOLUSDT,ask,137,8211.0
2024-09-12 21:26:37,SOLUSDT,ask,137,13625.0
2024-09-12 21:26:49,SOLUSDT,ask,137,13622.0
2024-09-12 21:27:05,SOLUSDT,bid,120,12868.0
2024-09-12 21:27:19,SOLUSDT,ask,138,10346.0
2024-09-12 21:27:23,SOLUSDT,bid,115,13017.0
2024-09-12 21:27:23,SOLUSDT,bid,123,8383.0
2024-09-12 21:27:23,SOLUSDT,bid,128,11017.0
2024-09-12 21:27:23,SOLUSDT,ask,138,10344.0
2024-09-12 21:27:30,SOLUSDT,ask,137,13645.0
2024-09-12 21:27:39,SOLUSDT,ask,137,13644.0
2024-09-12 21:28:18,SOLUSDT,ask,138,10378.0
2024-09-12 21:28:25,SOLUSDT,bid,128,11014.0
2024-09-12 21:28:33,SOLUSDT,bid,128,11012.0
2024-09-12 21:29:07,SOLUSDT,bid,110,26652.0
2024-09-12 21:29:08,SOLUSDT,ask,137,13618.0
2024-09-12 21:29:16,SOLUSDT,bid,130,24922.0
2024-09-12 21:29:18,SOLUSDT,ask,137,13617.0
2024-09-12 21:29:22,SOLUSDT,bid,130,24907.0
2024-09-12 21:29:32,SOLUSDT,ask,137,13616.0
2024-09-12 21:29:37,SOLUSDT,bid,120,12866.0
2024-09-12 21:29:47,SOLUSDT,ask,137,13620.0
2024-09-12 21:29:48,SOLUSDT,ask,138,10383.0
2024-09-12 21:29:54,SOLUSDT,bid,130,24912.0
2024-09-12 21:30:20,SOLUSDT,bid,132,19017.0
2024-09-12 21:30:26,SOLUSDT,ask,137,13619.0
2024-09-12 21:30:35,SOLUSDT,ask,138,10382.0
2024-09-12 21:30:38,SOLUSDT,bid,128,9801.0
2024-09-12 21:30:40,SOLUSDT,ask,138,10227.0
2024-09-12 21:31:19,SOLUSDT,bid,130,24907.0
2024-09-12 21:31:41,SOLUSDT,bid,130,24917.0
2024-09-12 21:31:57,SOLUSDT,ask,138,10222.0
2024-09-12 21:32:08,SOLUSDT,bid,110,26646.0
2024-09-12 21:32:09,SOLUSDT,bid,128,9802.0
2024-09-12 21:32:09,SOLUSDT,ask,143,13948.0
2024-09-12 21:32:14,SOLUSDT,bid,128,9768.0
2024-09-12 21:32:16,SOLUSDT,bid,128,9694.0
2024-09-12 21:32:21,SOLUSDT,ask,138,10217.0
2024-09-12 21:32:22,SOLUSDT,bid,131,8040.0
2024-09-12 21:32:27,SOLUSDT,bid,132,10264.0
2024-09-12 21:32:27,SOLUSDT,ask,139,10265.0
2024-09-12 21:32:27,SOLUSDT,ask,137,8213.0
2024-09-12 21:32:29,SOLUSDT,ask,137,13621.0
2024-09-12 21:32:30,SOLUSDT,ask,137,13620.0
2024-09-12 21:32:41,SOLUSDT,bid,130,24910.0
2024-09-12 21:32:49,SOLUSDT,ask,138,10234.0
2024-09-12 21:32:50,SOLUSDT,ask,138,10175.0
2024-09-12 21:32:51,SOLUSDT,bid,128,9638.0
2024-09-12 21:32:53,SOLUSDT,ask,138,10180.0
2024-09-12 21:32:58,SOLUSDT,ask,137,13627.0
2024-09-12 21:33:14,SOLUSDT,bid,96,53014.0
2024-09-12 21:33:17,SOLUSDT,ask,137,13637.0
2024-09-12 21:33:27,SOLUSDT,bid,130,24906.0
2024-09-12 21:33:29,SOLUSDT,ask,144,36989.0
2024-09-12 21:33:32,SOLUSDT,bid,122,16102.0
2024-09-12 21:33:32,SOLUSDT,bid,123,8235.0
2024-09-12 21:33:32,SOLUSDT,bid,125,12933.0
2024-09-12 21:33:32,SOLUSDT,bid,128,9564.0
2024-09-12 21:33:32,SOLUSDT,bid,130,24897.0
2024-09-12 21:33:35,SOLUSDT,bid,130,24896.0
2024-09-12 21:33:36,SOLUSDT,bid,120,12842.0
2024-09-12 21:33:36,SOLUSDT,ask,147,8095.0
2024-09-12 21:33:37,SOLUSDT,ask,137,13640.0
2024-09-12 21:33:43,SOLUSDT,ask,138,10109.0
2024-09-12 21:33:47,SOLUSDT,bid,128,9500.0
2024-09-12 21:33:51,SOLUSDT,bid,132,10264.0
2024-09-12 21:33:52,SOLUSDT,ask,140,10268.0
2024-09-12 21:33:52,SOLUSDT,ask,137,8220.0
2024-09-12 21:33:54,SOLUSDT,ask,137,13642.0
2024-09-12 21:33:59,SOLUSDT,bid,132,19015.0
2024-09-12 21:33:59,SOLUSDT,ask,138,10111.0
2024-09-12 21:34:00,SOLUSDT,ask,137,13486.0
2024-09-12 21:34:04,SOLUSDT,bid,120,12834.0
2024-09-12 21:34:04,SOLUSDT,ask,137,13487.0
2024-09-12 21:34:09,SOLUSDT,ask,137,13488.0
2024-09-12 21:34:09,SOLUSDT,ask,145,20221.0
2024-09-12 21:34:09,SOLUSDT,ask,137,13489.0
2024-09-12 21:34:13,SOLUSDT,ask,137,13589.0
2024-09-12 21:34:14,SOLUSDT,ask,146,16839.0
2024-09-12 21:34:14,SOLUSDT,ask,137,13591.0
2024-09-12 21:34:21,SOLUSDT,ask,137,8213.0
2024-09-12 21:34:22,SOLUSDT,bid,128,8763.0
2024-09-12 21:34:22,SOLUSDT,ask,137,13593.0
2024-09-12 21:34:23,SOLUSDT,ask,144,36990.0
2024-09-12 21:34:24,SOLUSDT,ask,137,13593.0
2024-09-12 21:34:24,SOLUSDT,ask,138,10112.0
2024-09-12 21:34:25,SOLUSDT,ask,137,13503.0
2024-09-12 21:34:26,SOLUSDT,ask,137,13508.0
2024-09-12 21:34:27,SOLUSDT,ask,147,8093.0
2024-09-12 21:34:34,SOLUSDT,ask,137,13562.0
2024-09-12 21:34:34,SOLUSDT,ask,137,13565.0
2024-09-12 21:34:34,SOLUSDT,ask,137,13564.0
2024-09-12 21:34:35,SOLUSDT,ask,137,13540.0
2024-09-12 21:34:37,SOLUSDT,bid,125,12932.0
2024-09-12 21:34:37,SOLUSDT,ask,138,10121.0
2024-09-12 21:34:40,SOLUSDT,ask,137,13562.0
2024-09-12 21:34:40,SOLUSDT,bid,110,26645.0
2024-09-12 21:34:41,SOLUSDT,ask,137,13571.0
2024-09-12 21:34:43,SOLUSDT,ask,138,10122.0
2024-09-12 21:34:44,SOLUSDT,ask,137,13586.0
2024-09-12 21:34:48,SOLUSDT,ask,137,13579.0
2024-09-12 21:34:48,SOLUSDT,ask,137,13580.0
2024-09-12 21:34:51,SOLUSDT,ask,138,10148.0
2024-09-12 21:34:55,SOLUSDT,ask,137,13652.0
2024-09-12 21:34:56,SOLUSDT,ask,138,10149.0
2024-09-12 21:34:56,SOLUSDT,ask,137,13653.0
2024-09-12 21:34:58,SOLUSDT,ask,138,9949.0
2024-09-12 21:34:59,SOLUSDT,ask,137,13643.0
2024-09-12 21:34:59,SOLUSDT,ask,137,13658.0
2024-09-12 21:35:00,SOLUSDT,bid,77,26389.0
2024-09-12 21:35:00,SOLUSDT,ask,144,36989.0
2024-09-12 21:35:01,SOLUSDT,ask,138,9929.0
2024-09-12 21:35:05,SOLUSDT,ask,137,14082.0
2024-09-12 21:35:06,SOLUSDT,ask,137,8108.0
2024-09-12 21:35:07,SOLUSDT,ask,137,8106.0
2024-09-12 21:35:12,SOLUSDT,ask,137,7681.0
2024-09-12 21:35:13,SOLUSDT,ask,137,7683.0
2024-09-12 21:35:25,SOLUSDT,ask,137,7695.0
2024-09-12 21:35:29,SOLUSDT,ask,145,20206.0
2024-09-12 21:35:29,SOLUSDT,ask,146,16854.0
2024-09-12 21:35:31,SOLUSDT,bid,130,24895.0
2024-09-12 21:35:48,SOLUSDT,ask,151,13836.0
2024-09-12 21:35:53,SOLUSDT,bid,110,26640.0
2024-09-12 21:35:54,SOLUSDT,ask,138,9955.0
2024-09-12 21:35:58,SOLUSDT,bid,125,12919.0
2024-09-12 21:36:01,SOLUSDT,ask,137,7836.0
2024-09-12 21:36:02,SOLUSDT,ask,137,7857.0
2024-09-12 21:36:09,SOLUSDT,ask,138,9957.0
2024-09-12 21:36:10,SOLUSDT,bid,120,12819.0
2024-09-12 21:36:10,SOLUSDT,bid,125,12902.0
2024-09-12 21:36:14,SOLUSDT,ask,138,9657.0
2024-09-12 21:36:17,SOLUSDT,ask,137,7886.0
2024-09-12 21:36:20,SOLUSDT,ask,137,7884.0
2024-09-12 21:36:26,SOLUSDT,ask,138,9661.0
2024-09-12 21:36:27,SOLUSDT,ask,137,7881.0
2024-09-12 21:36:27,SOLUSDT,ask,137,7883.0
2024-09-12 21:36:28,SOLUSDT,ask,137,7881.0
2024-09-12 21:36:30,SOLUSDT,ask,137,7861.0
2024-09-12 21:36:31,SOLUSDT,bid,131,8062.0
2024-09-12 21:36:32,SOLUSDT,ask,138,9638.0
2024-09-12 21:36:34,SOLUSDT,ask,137,7901.0
2024-09-12 21:36:36,SOLUSDT,bid,130,24906.0
2024-09-12 21:36:43,SOLUSDT,bid,112,15193.0
2024-09-12 21:36:43,SOLUSDT,ask,138,9637.0
2024-09-12 21:36:45,SOLUSDT,bid,125,12903.0
2024-09-12 21:36:45,SOLUSDT,ask,138,9638.0
2024-09-12 21:36:47,SOLUSDT,ask,137,7910.0
2024-09-12 21:37:01,SOLUSDT,bid,131,8040.0
2024-09-12 21:37:09,SOLUSDT,ask,137,7912.0
2024-09-12 21:37:14,SOLUSDT,bid,130,24905.0
2024-09-12 21:37:22,SOLUSDT,bid,130,24909.0
2024-09-12 21:37:33,SOLUSDT,ask,137,7962.0
2024-09-12 21:37:39,SOLUSDT,bid,128,8771.0
2024-09-12 21:37:39,SOLUSDT,ask,145,20602.0
2024-09-12 21:37:39,SOLUSDT,ask,137,7968.0
2024-09-12 21:37:45,SOLUSDT,bid,120,12619.0
2024-09-12 21:37:50,SOLUSDT,ask,145,20601.0
2024-09-12 21:37:55,SOLUSDT,ask,144,36990.0
2024-09-12 21:37:55,SOLUSDT,bid,128,8763.0
2024-09-12 21:37:57,SOLUSDT,ask,138,9637.0
2024-09-12 21:38:02,SOLUSDT,ask,137,7970.0
2024-09-12 21:38:03,SOLUSDT,ask,137,7989.0
2024-09-12 21:38:04,SOLUSDT,bid,125,12900.0
2024-09-12 21:38:09,SOLUSDT,ask,138,9638.0
2024-09-12 21:38:10,SOLUSDT,ask,138,9647.0
2024-09-12 21:38:12,SOLUSDT,ask,138,9605.0
2024-09-12 21:38:16,SOLUSDT,ask,137,7979.0
2024-09-12 21:38:36,SOLUSDT,bid,122,16122.0
2024-09-12 21:38:39,SOLUSDT,bid,130,24921.0
2024-09-12 21:38:42,SOLUSDT,ask,136,13479.0
2024-09-12 21:38:43,SOLUSDT,ask,136,13487.0
2024-09-12 21:38:44,SOLUSDT,ask,136,14481.0
2024-09-12 21:38:44,SOLUSDT,bid,120,12618.0
2024-09-12 21:38:44,SOLUSDT,ask,136,13487.0
2024-09-12 21:38:46,SOLUSDT,ask,136,13468.0
2024-09-12 21:38:46,SOLUSDT,ask,138,9594.0
2024-09-12 21:38:47,SOLUSDT,ask,136,13446.0
2024-09-12 21:38:48,SOLUSDT,bid,120,12617.0
2024-09-12 21:38:49,SOLUSDT,ask,136,13336.0
2024-09-12 21:38:50,SOLUSDT,ask,137,7843.0
2024-09-12 21:38:50,SOLUSDT,ask,136,13316.0
2024-09-12 21:38:50,SOLUSDT,bid,125,12909.0
2024-09-12 21:38:55,SOLUSDT,ask,136,13346.0
2024-09-12 21:38:56,SOLUSDT,bid,120,12624.0
2024-09-12 21:38:57,SOLUSDT,ask,136,13316.0
2024-09-12 21:38:59,SOLUSDT,ask,136,13317.0
2024-09-12 21:39:02,SOLUSDT,ask,136,13307.0
2024-09-12 21:39:06,SOLUSDT,ask,136,13352.0
2024-09-12 21:39:09,SOLUSDT,ask,136,12383.0
2024-09-12 21:39:12,SOLUSDT,bid,120,12774.0
2024-09-12 21:39:13,SOLUSDT,ask,136,12368.0
2024-09-12 21:39:16,SOLUSDT,bid,122,16122.0
2024-09-12 21:39:18,SOLUSDT,bid,122,16122.0
2024-09-12 21:39:29,SOLUSDT,bid,110,26633.0
2024-09-12 21:39:34,SOLUSDT,ask,137,7842.0
2024-09-12 21:39:38,SOLUSDT,bid,122,16102.0
2024-09-12 21:39:45,SOLUSDT,bid,125,12929.0
2024-09-12 21:39:48,SOLUSDT,bid,130,24896.0
2024-09-12 21:39:53,SOLUSDT,bid,120,12624.0
2024-09-12 21:39:54,SOLUSDT,ask,138,9600.0
2024-09-12 21:39:58,SOLUSDT,bid,130,24895.0
2024-09-12 21:39:58,SOLUSDT,ask,145,13985.0
2024-09-12 21:40:05,SOLUSDT,ask,137,7836.0
2024-09-12 21:40:08,SOLUSDT,ask,145,13984.0
2024-09-12 21:40:12,SOLUSDT,bid,130,24899.0
2024-09-12 21:40:22,SOLUSDT,ask,137,7736.0
2024-09-12 21:40:30,SOLUSDT,bid,130,24895.0
2024-09-12 21:40:35,SOLUSDT,bid,130,10264.0
2024-09-12 21:40:35,SOLUSDT,bid,133,8211.0
2024-09-12 21:40:35,SOLUSDT,ask,140,10267.0
2024-09-12 21:40:35,SOLUSDT,ask,137,8211.0
2024-09-12 21:40:39,SOLUSDT,bid,130,24925.0
2024-09-12 21:40:56,SOLUSDT,ask,137,7786.0
2024-09-12 21:40:59,SOLUSDT,ask,137,7796.0
2024-09-12 21:41:04,SOLUSDT,bid,77,26383.0
2024-09-12 21:41:04,SOLUSDT,bid,82,25184.0
2024-09-12 21:41:04,SOLUSDT,bid,86,59115.0
2024-09-12 21:41:04,SOLUSDT,bid,87,23739.0
2024-09-12 21:41:04,SOLUSDT,bid,90,59143.0
2024-09-12 21:41:04,SOLUSDT,bid,91,56880.0
2024-09-12 21:41:04,SOLUSDT,bid,96,53009.0
2024-09-12 21:41:04,SOLUSDT,bid,101,26766.0
2024-09-12 21:41:04,SOLUSDT,bid,110,26629.0
2024-09-12 21:41:04,SOLUSDT,bid,112,15191.0
2024-09-12 21:41:04,SOLUSDT,bid,115,13016.0
2024-09-12 21:41:04,SOLUSDT,bid,120,12623.0
2024-09-12 21:41:13,SOLUSDT,bid,130,24927.0
2024-09-12 21:41:14,SOLUSDT,ask,137,7784.0
2024-09-12 21:41:19,SOLUSDT,bid,130,24926.0
2024-09-12 21:41:21,SOLUSDT,ask,137,7794.0
2024-09-12 21:41:30,SOLUSDT,ask,137,7784.0
2024-09-12 21:41:31,SOLUSDT,bid,131,10264.0
2024-09-12 21:41:31,SOLUSDT,bid,133,8214.0
2024-09-12 21:41:31,SOLUSDT,ask,139,10333.0
2024-09-12 21:41:41,SOLUSDT,ask,138,9700.0
2024-09-12 21:41:45,SOLUSDT,bid,128,8777.0
2024-09-12 21:41:49,SOLUSDT,bid,128,8745.0
2024-09-12 21:41:49,SOLUSDT,ask,138,9411.0
2024-09-12 21:42:01,SOLUSDT,ask,137,8075.0
2024-09-12 21:42:02,SOLUSDT,bid,130,25076.0
2024-09-12 21:42:04,SOLUSDT,ask,137,8076.0
2024-09-12 21:42:17,SOLUSDT,bid,125,12928.0
2024-09-12 21:42:17,SOLUSDT,ask,138,9410.0
2024-09-12 21:42:18,SOLUSDT,ask,137,7785.0
2024-09-12 21:42:23,SOLUSDT,bid,128,8793.0
2024-09-12 21:42:24,SOLUSDT,ask,137,7778.0
2024-09-12 21:42:26,SOLUSDT,ask,137,7745.0
2024-09-12 21:42:27,SOLUSDT,ask,139,10265.0
2024-09-12 21:42:28,SOLUSDT,ask,144,37000.0
2024-09-12 21:42:30,SOLUSDT,bid,128,8792.0
2024-09-12 21:42:31,SOLUSDT,bid,131,10284.0
2024-09-12 21:42:31,SOLUSDT,bid,133,8222.0
2024-09-12 21:42:53,SOLUSDT,bid,128,8744.0
2024-09-12 21:42:53,SOLUSDT,ask,147,8113.0
2024-09-12 21:42:55,SOLUSDT,bid,122,16102.0
2024-09-12 21:43:01,SOLUSDT,ask,138,9409.0
2024-09-12 21:43:05,SOLUSDT,ask,137,7744.0
2024-09-12 21:43:32,SOLUSDT,ask,137,7725.0
2024-09-12 21:43:33,SOLUSDT,ask,137,7724.0
2024-09-12 21:43:44,SOLUSDT,bid,130,24916.0
2024-09-12 21:43:50,SOLUSDT,bid,128,8792.0
2024-09-12 21:44:00,SOLUSDT,bid,122,16102.0
2024-09-12 21:44:17,SOLUSDT,ask,139,10265.0
2024-09-12 21:44:18,SOLUSDT,ask,137,7725.0
2024-09-12 21:44:22,SOLUSDT,bid,87,23452.0
2024-09-12 21:44:22,SOLUSDT,ask,138,9428.0
2024-09-12 21:44:26,SOLUSDT,bid,122,16102.0
2024-09-12 21:44:30,SOLUSDT,ask,137,7737.0
2024-09-12 21:44:31,SOLUSDT,bid,130,25063.0
2024-09-12 21:44:38,SOLUSDT,ask,138,9429.0
2024-09-12 21:44:40,SOLUSDT,bid,110,26542.0
2024-09-12 21:44:56,SOLUSDT,ask,137,7738.0
2024-09-12 21:45:01,SOLUSDT,ask,136,8216.0
2024-09-12 21:45:09,SOLUSDT,bid,131,10767.0
2024-09-12 21:45:10,SOLUSDT,bid,133,8251.0
2024-09-12 21:45:15,SOLUSDT,ask,145,19141.0
2024-09-12 21:45:17,SOLUSDT,ask,138,9430.0
2024-09-12 21:45:29,SOLUSDT,bid,128,8791.0
2024-09-12 21:45:37,SOLUSDT,ask,137,7748.0
2024-09-12 21:45:41,SOLUSDT,ask,137,7746.0
2024-09-12 21:45:44,SOLUSDT,ask,138,9434.0
2024-09-12 21:45:47,SOLUSDT,bid,133,8283.0
2024-09-12 21:45:47,SOLUSDT,bid,132,12005.0
2024-09-12 21:45:57,SOLUSDT,bid,130,25099.0
2024-09-12 21:45:59,SOLUSDT,ask,138,9429.0
2024-09-12 21:46:00,SOLUSDT,bid,130,25107.0
2024-09-12 21:46:02,SOLUSDT,bid,128,8846.0
2024-09-12 21:46:06,SOLUSDT,ask,143,14017.0
2024-09-12 21:46:06,SOLUSDT,bid,132,12001.0
2024-09-12 21:46:08,SOLUSDT,ask,137,7745.0
2024-09-12 21:46:12,SOLUSDT,ask,139,10455.0
2024-09-12 21:46:12,SOLUSDT,ask,136,8211.0
2024-09-12 21:46:14,SOLUSDT,ask,138,9404.0
2024-09-12 21:46:17,SOLUSDT,ask,138,9341.0
2024-09-12 21:46:19,SOLUSDT,bid,123,8220.0
2024-09-12 21:46:25,SOLUSDT,bid,133,8251.0
2024-09-12 21:46:25,SOLUSDT,ask,144,37007.0
2024-09-12 21:46:25,SOLUSDT,bid,131,10304.0
2024-09-12 21:46:26,SOLUSDT,bid,133,8226.0
2024-09-12 21:46:26,SOLUSDT,bid,120,12624.0
2024-09-12 21:46:31,SOLUSDT,bid,133,8219.0
2024-09-12 21:46:32,SOLUSDT,ask,137,7734.0
2024-09-12 21:46:34,SOLUSDT,bid,130,10269.0
2024-09-12 21:46:35,SOLUSDT,bid,133,8236.0
2024-09-12 21:46:38,SOLUSDT,bid,110,26546.0
2024-09-12 21:46:38,SOLUSDT,bid,115,13020.0
2024-09-12 21:46:38,SOLUSDT,bid,120,12628.0
2024-09-12 21:46:38,SOLUSDT,bid,125,12932.0
2024-09-12 21:46:38,SOLUSDT,ask,145,19132.0
2024-09-12 21:46:59,SOLUSDT,bid,133,8214.0
2024-09-12 21:47:00,SOLUSDT,bid,130,10264.0
2024-09-12 21:47:01,SOLUSDT,bid,133,8213.0
2024-09-12 21:47:29,SOLUSDT,bid,133,8214.0
2024-09-12 21:47:30,SOLUSDT,bid,130,10265.0
2024-09-12 21:47:31,SOLUSDT,bid,132,8211.0
2024-09-12 21:47:32,SOLUSDT,ask,137,8211.0
2024-09-12 21:47:33,SOLUSDT,bid,125,12929.0
2024-09-12 21:47:49,SOLUSDT,bid,120,12619.0
2024-09-12 21:47:49,SOLUSDT,bid,122,16097.0
2024-09-12 21:47:49,SOLUSDT,bid,123,8214.0
2024-09-12 21:47:49,SOLUSDT,bid,125,12925.0
2024-09-12 21:47:49,SOLUSDT,bid,128,8843.0
2024-09-12 21:48:18,SOLUSDT,ask,138,9361.0
2024-09-12 21:48:20,SOLUSDT,bid,128,8848.0
2024-09-12 21:48:29,SOLUSDT,ask,137,7732.0
2024-09-12 21:48:30,SOLUSDT,bid,129,10264.0
2024-09-12 21:48:31,SOLUSDT,bid,132,8218.0
2024-09-12 21:48:33,SOLUSDT,ask,144,37007.0
2024-09-12 21:48:36,SOLUSDT,bid,132,19016.0
2024-09-12 21:48:36,SOLUSDT,ask,138,9362.0
2024-09-12 21:49:08,SOLUSDT,bid,128,9187.0
2024-09-12 21:49:09,SOLUSDT,bid,128,9194.0
2024-09-12 21:49:11,SOLUSDT,bid,120,12612.0
2024-09-12 21:49:24,SOLUSDT,bid,125,13073.0
2024-09-12 21:49:33,SOLUSDT,ask,138,9651.0
2024-09-12 21:49:38,SOLUSDT,ask,137,7732.0
2024-09-12 21:49:48,SOLUSDT,ask,137,7731.0
2024-09-12 21:49:50,SOLUSDT,ask,137,7726.0
2024-09-12 21:49:51,SOLUSDT,bid,130,25117.0
2024-09-12 21:49:59,SOLUSDT,bid,130,25132.0
2024-09-12 21:50:14,SOLUSDT,bid,127,14143.0
2024-09-12 21:50:21,SOLUSDT,bid,128,9209.0
2024-09-12 21:50:22,SOLUSDT,bid,130,24982.0
2024-09-12 21:50:24,SOLUSDT,bid,130,24986.0
2024-09-12 21:50:25,SOLUSDT,bid,130,24992.0
2024-09-12 21:50:26,SOLUSDT,bid,130,25002.0
2024-09-12 21:50:30,SOLUSDT,bid,128,9133.0
2024-09-12 21:50:40,SOLUSDT,ask,137,7722.0
2024-09-12 21:50:53,SOLUSDT,bid,128,9291.0
2024-09-12 21:50:58,SOLUSDT,bid,130,24992.0
2024-09-12 21:51:07,SOLUSDT,bid,128,9290.0
2024-09-12 21:51:08,SOLUSDT,ask,138,9662.0
2024-09-12 21:51:15,SOLUSDT,ask,138,9611.0
2024-09-12 21:51:16,SOLUSDT,ask,137,7723.0
2024-09-12 21:51:34,SOLUSDT,ask,137,7708.0
2024-09-12 21:51:35,SOLUSDT,ask,137,7744.0
2024-09-12 21:51:46,SOLUSDT,bid,112,15190.0
2024-09-12 21:51:51,SOLUSDT,bid,132,19077.0
2024-09-12 21:51:59,SOLUSDT,ask,137,7745.0
2024-09-12 21:52:05,SOLUSDT,ask,137,7740.0
2024-09-12 21:52:09,SOLUSDT,ask,137,7686.0
2024-09-12 21:52:10,SOLUSDT,bid,130,24982.0
2024-09-12 21:52:13,SOLUSDT,bid,132,12303.0
2024-09-12 21:52:14,SOLUSDT,ask,145,13985.0
2024-09-12 21:52:15,SOLUSDT,ask,145,13984.0
2024-09-12 21:52:20,SOLUSDT,ask,138,9613.0
2024-09-12 21:52:22,SOLUSDT,ask,137,9217.0
2024-09-12 21:52:26,SOLUSDT,bid,120,12603.0
2024-09-12 21:52:26,SOLUSDT,bid,125,13082.0
2024-09-12 21:52:28,SOLUSDT,bid,130,10274.0
2024-09-12 21:52:28,SOLUSDT,bid,132,8212.0
2024-09-12 21:52:28,SOLUSDT,ask,139,10266.0
2024-09-12 21:52:29,SOLUSDT,ask,136,8211.0
2024-09-12 21:52:57,SOLUSDT,bid,130,10266.0
2024-09-12 21:53:08,SOLUSDT,bid,128,9275.0
2024-09-12 21:53:14,SOLUSDT,ask,145,19117.0
2024-09-12 21:53:16,SOLUSDT,ask,137,9202.0
2024-09-12 21:53:17,SOLUSDT,ask,138,9596.0
2024-09-12 21:53:39,SOLUSDT,ask,137,9209.0
2024-09-12 21:53:49,SOLUSDT,ask,138,9595.0
2024-09-12 21:53:50,SOLUSDT,ask,137,9208.0
2024-09-12 21:53:56,SOLUSDT,bid,132,19082.0
2024-09-12 21:53:57,SOLUSDT,bid,130,25054.0
2024-09-12 21:54:07,SOLUSDT,bid,128,9277.0
2024-09-12 21:54:07,SOLUSDT,ask,137,9207.0
2024-09-12 21:54:07,SOLUSDT,ask,138,9594.0
2024-09-12 21:54:07,SOLUSDT,bid,128,9278.0
2024-09-12 21:54:08,SOLUSDT,bid,128,9279.0
2024-09-12 21:54:08,SOLUSDT,bid,128,9281.0
2024-09-12 21:54:10,SOLUSDT,bid,115,13007.0
2024-09-12 21:54:13,SOLUSDT,bid,128,9280.0
2024-09-12 21:54:13,SOLUSDT,bid,128,9279.0
2024-09-12 21:54:14,SOLUSDT,bid,128,9278.0
2024-09-12 21:54:15,SOLUSDT,bid,128,9277.0
2024-09-12 21:54:15,SOLUSDT,bid,128,9275.0
2024-09-12 21:54:36,SOLUSDT,bid,128,9276.0
2024-09-12 21:54:36,SOLUSDT,bid,128,9277.0
2024-09-12 21:54:37,SOLUSDT,bid,128,9278.0
2024-09-12 21:54:37,SOLUSDT,bid,128,9279.0
2024-09-12 21:54:38,SOLUSDT,bid,120,12753.0
2024-09-12 21:54:40,SOLUSDT,bid,120,12603.0
2024-09-12 21:54:42,SOLUSDT,bid,128,9277.0
2024-09-12 21:54:43,SOLUSDT,bid,128,9276.0
2024-09-12 21:54:43,SOLUSDT,bid,128,9275.0
2024-09-12 21:54:58,SOLUSDT,bid,120,12601.0
2024-09-12 21:55:00,SOLUSDT,ask,137,9187.0
2024-09-12 21:55:02,SOLUSDT,ask,145,19118.0
2024-09-12 21:55:03,SOLUSDT,bid,130,24982.0
2024-09-12 21:55:03,SOLUSDT,bid,130,10264.0
2024-09-12 21:55:04,SOLUSDT,bid,133,8211.0
2024-09-12 21:55:05,SOLUSDT,ask,146,16853.0
2024-09-12 21:55:12,SOLUSDT,bid,110,26547.0
2024-09-12 21:55:18,SOLUSDT,bid,130,24983.0
2024-09-12 21:55:35,SOLUSDT,ask,137,9196.0
2024-09-12 21:55:49,SOLUSDT,bid,128,9276.0
2024-09-12 21:55:51,SOLUSDT,bid,132,12001.0
2024-09-12 21:55:53,SOLUSDT,bid,130,10264.0
2024-09-12 21:55:54,SOLUSDT,bid,133,8212.0
2024-09-12 21:55:54,SOLUSDT,ask,136,8211.0
2024-09-12 21:55:56,SOLUSDT,ask,137,9221.0
2024-09-12 21:56:16,SOLUSDT,ask,137,9231.0
2024-09-12 21:56:38,SOLUSDT,bid,123,8231.0
2024-09-12 21:56:39,SOLUSDT,ask,145,13962.0
2024-09-12 21:56:53,SOLUSDT,ask,137,9234.0
2024-09-12 21:56:57,SOLUSDT,bid,127,14144.0
2024-09-12 21:56:57,SOLUSDT,ask,138,9597.0
2024-09-12 21:57:03,SOLUSDT,bid,128,9275.0
2024-09-12 21:57:07,SOLUSDT,bid,128,9309.0
2024-09-12 21:57:09,SOLUSDT,ask,136,8428.0
2024-09-12 21:57:09,SOLUSDT,ask,138,9556.0
2024-09-12 21:57:09,SOLUSDT,ask,136,8842.0
2024-09-12 21:57:09,SOLUSDT,ask,136,8907.0
2024-09-12 21:57:09,SOLUSDT,ask,138,9639.0
2024-09-12 21:57:13,SOLUSDT,ask,137,9182.0
2024-09-12 21:57:14,SOLUSDT,bid,123,8214.0
2024-09-12 21:57:18,SOLUSDT,bid,120,12604.0
2024-09-12 21:57:43,SOLUSDT,bid,130,25067.0
2024-09-12 21:57:44,SOLUSDT,bid,128,9337.0
2024-09-12 21:57:47,SOLUSDT,bid,128,9332.0
2024-09-12 21:57:50,SOLUSDT,bid,128,9333.0
2024-09-12 21:57:50,SOLUSDT,bid,128,9334.0
2024-09-12 21:57:51,SOLUSDT,ask,146,16793.0
2024-09-12 21:57:57,SOLUSDT,bid,128,9332.0
2024-09-12 21:58:03,SOLUSDT,bid,130,25078.0
2024-09-12 21:58:03,SOLUSDT,ask,146,16796.0
2024-09-12 21:58:06,SOLUSDT,ask,137,9183.0
2024-09-12 21:58:08,SOLUSDT,bid,130,25046.0
2024-09-12 21:58:11,SOLUSDT,bid,123,8228.0
2024-09-12 21:58:13,SOLUSDT,bid,128,9336.0
2024-09-12 21:58:14,SOLUSDT,ask,138,9641.0
2024-09-12 21:58:26,SOLUSDT,bid,127,14143.0
2024-09-12 21:58:32,SOLUSDT,bid,130,25067.0
2024-09-12 21:58:34,SOLUSDT,ask,138,9643.0
2024-09-12 21:58:38,SOLUSDT,bid,132,19080.0
2024-09-12 21:58:39,SOLUSDT,bid,132,19114.0
2024-09-12 21:58:45,SOLUSDT,ask,138,9641.0
2024-09-12 21:58:47,SOLUSDT,ask,138,9646.0
2024-09-12 21:58:58,SOLUSDT,bid,130,25069.0
2024-09-12 21:59:04,SOLUSDT,bid,133,8234.0
2024-09-12 21:59:08,SOLUSDT,bid,128,9356.0
2024-09-12 21:59:13,SOLUSDT,bid,128,9017.0
2024-09-12 21:59:17,SOLUSDT,bid,125,13102.0
2024-09-12 21:59:17,SOLUSDT,ask,137,9035.0
2024-09-12 21:59:18,SOLUSDT,bid,125,13062.0
2024-09-12 21:59:23,SOLUSDT,bid,130,25079.0
2024-09-12 21:59:23,SOLUSDT,bid,127,14104.0
2024-09-12 21:59:25,SOLUSDT,ask,137,9035.0
2024-09-12 21:59:32,SOLUSDT,ask,137,9051.0
2024-09-12 21:59:34,SOLUSDT,bid,132,19113.0
2024-09-12 21:59:41,SOLUSDT,bid,130,25154.0
2024-09-12 21:59:45,SOLUSDT,bid,130,10286.0
2024-09-12 21:59:46,SOLUSDT,bid,110,26543.0
2024-09-12 21:59:46,SOLUSDT,bid,115,13003.0
2024-09-12 21:59:46,SOLUSDT,bid,120,12600.0
2024-09-12 21:59:46,SOLUSDT,bid,125,13058.0
2024-09-12 21:59:46,SOLUSDT,bid,130,25150.0
2024-09-12 21:59:46,SOLUSDT,ask,145,19114.0
2024-09-12 21:59:48,SOLUSDT,bid,132,12037.0
2024-09-12 21:59:54,SOLUSDT,bid,133,8235.0
2024-09-12 21:59:59,SOLUSDT,bid,133,8234.0
2024-09-12 22:00:11,SOLUSDT,ask,138,9641.0
2024-09-12 22:00:16,SOLUSDT,bid,130,25153.0
2024-09-12 22:00:18,SOLUSDT,bid,130,25154.0
2024-09-12 22:00:19,SOLUSDT,ask,138,9649.0
2024-09-12 22:00:32,SOLUSDT,bid,127,14109.0
2024-09-12 22:00:35,SOLUSDT,ask,137,9048.0
2024-09-12 22:00:36,SOLUSDT,bid,130,25079.0
2024-09-12 22:00:49,SOLUSDT,bid,132,19079.0
2024-09-12 22:00:52,SOLUSDT,bid,133,8212.0
2024-09-12 22:00:52,SOLUSDT,bid,125,13057.0
2024-09-12 22:00:52,SOLUSDT,bid,130,25078.0
2024-09-12 22:00:54,SOLUSDT,ask,138,9650.0
2024-09-12 22:00:59,SOLUSDT,bid,130,25082.0
2024-09-12 22:01:03,SOLUSDT,bid,128,9007.0
2024-09-12 22:01:05,SOLUSDT,bid,130,25072.0
2024-09-12 22:01:10,SOLUSDT,bid,130,25073.0
2024-09-12 22:01:21,SOLUSDT,bid,133,8235.0
2024-09-12 22:01:25,SOLUSDT,ask,137,9045.0
2024-09-12 22:01:30,SOLUSDT,bid,133,8212.0
2024-09-12 22:01:31,SOLUSDT,ask,137,9043.0
2024-09-12 22:01:31,SOLUSDT,ask,138,9648.0
2024-09-12 22:01:33,SOLUSDT,bid,130,25233.0
2024-09-12 22:01:38,SOLUSDT,bid,128,8979.0
2024-09-12 22:01:43,SOLUSDT,bid,110,26599.0
2024-09-12 22:02:02,SOLUSDT,ask,137,9040.0
2024-09-12 22:02:06,SOLUSDT,bid,120,12626.0
2024-09-12 22:02:09,SOLUSDT,bid,130,25231.0
2024-09-12 22:02:16,SOLUSDT,bid,133,8249.0
2024-09-12 22:02:21,SOLUSDT,bid,132,12025.0
2024-09-12 22:02:21,SOLUSDT,bid,132,12001.0
2024-09-12 22:02:29,SOLUSDT,bid,130,10431.0
2024-09-12 22:02:29,SOLUSDT,bid,132,8211.0
2024-09-12 22:02:29,SOLUSDT,ask,139,10264.0
2024-09-12 22:02:29,SOLUSDT,bid,128,8978.0
2024-09-12 22:02:29,SOLUSDT,ask,136,8256.0
2024-09-12 22:02:34,SOLUSDT,bid,132,12003.0
2024-09-12 22:02:35,SOLUSDT,bid,132,12001.0
2024-09-12 22:02:37,SOLUSDT,bid,130,25233.0
2024-09-12 22:02:40,SOLUSDT,ask,137,9021.0
2024-09-12 22:03:00,SOLUSDT,ask,137,9033.0
2024-09-12 22:03:12,SOLUSDT,ask,145,19113.0
2024-09-12 22:03:24,SOLUSDT,bid,128,8979.0
2024-09-12 22:03:24,SOLUSDT,ask,137,9034.0
2024-09-12 22:03:25,SOLUSDT,bid,128,8980.0
2024-09-12 22:03:31,SOLUSDT,bid,127,14097.0
2024-09-12 22:03:31,SOLUSDT,bid,128,8979.0
2024-09-12 22:03:33,SOLUSDT,bid,120,12605.0
2024-09-12 22:03:36,SOLUSDT,ask,136,8735.0
2024-09-12 22:03:49,SOLUSDT,bid,130,25225.0
2024-09-12 22:03:59,SOLUSDT,bid,130,25250.0
2024-09-12 22:03:59,SOLUSDT,bid,127,14102.0
2024-09-12 22:04:14,SOLUSDT,bid,132,8802.0
2024-09-12 22:04:27,SOLUSDT,ask,138,9628.0
2024-09-12 22:04:47,SOLUSDT,ask,139,10372.0
2024-09-12 22:04:57,SOLUSDT,ask,136,8256.0
2024-09-12 22:05:01,SOLUSDT,bid,130,10264.0
2024-09-12 22:05:01,SOLUSDT,bid,133,8245.0
2024-09-12 22:05:02,SOLUSDT,ask,139,10265.0
2024-09-12 22:05:02,SOLUSDT,ask,136,8211.0
2024-09-12 22:05:06,SOLUSDT,ask,138,9626.0
2024-09-12 22:05:18,SOLUSDT,bid,120,12604.0
2024-09-12 22:05:35,SOLUSDT,bid,133,8211.0
2024-09-12 22:05:35,SOLUSDT,ask,138,9626.0
2024-09-12 22:05:36,SOLUSDT,ask,137,9039.0
2024-09-12 22:05:36,SOLUSDT,bid,85,25477.0
2024-09-12 22:05:39,SOLUSDT,bid,130,25245.0
2024-09-12 22:05:42,SOLUSDT,ask,137,9038.0
2024-09-12 22:05:47,SOLUSDT,bid,127,14101.0
2024-09-12 22:05:47,SOLUSDT,ask,140,7242.0
2024-09-12 22:05:48,SOLUSDT,bid,110,26597.0
2024-09-12 22:05:50,SOLUSDT,bid,130,25444.0
2024-09-12 22:05:52,SOLUSDT,ask,138,9631.0
2024-09-12 22:05:55,SOLUSDT,ask,140,7221.0
2024-09-12 22:06:01,SOLUSDT,ask,137,9033.0
2024-09-12 22:06:06,SOLUSDT,ask,147,8153.0
2024-09-12 22:06:16,SOLUSDT,bid,130,25457.0
2024-09-12 22:06:34,SOLUSDT,ask,137,9434.0
2024-09-12 22:06:51,SOLUSDT,ask,138,9560.0
2024-09-12 22:07:03,SOLUSDT,ask,137,9427.0
2024-09-12 22:07:09,SOLUSDT,bid,130,25465.0
2024-09-12 22:07:17,SOLUSDT,ask,139,10264.0
2024-09-12 22:07:17,SOLUSDT,ask,151,13835.0
2024-09-12 22:07:17,SOLUSDT,ask,136,8221.0
2024-09-12 22:07:26,SOLUSDT,bid,130,25464.0
2024-09-12 22:07:36,SOLUSDT,ask,137,9426.0
2024-09-12 22:07:45,SOLUSDT,bid,130,25461.0
2024-09-12 22:08:00,SOLUSDT,bid,130,25262.0
2024-09-12 22:08:00,SOLUSDT,ask,137,9431.0
2024-09-12 22:08:33,SOLUSDT,bid,122,16099.0
2024-09-12 22:08:50,SOLUSDT,bid,128,8964.0
2024-09-12 22:08:57,SOLUSDT,bid,120,12618.0
2024-09-12 22:08:58,SOLUSDT,bid,130,25263.0
2024-09-12 22:09:10,SOLUSDT,bid,122,16097.0
2024-09-12 22:09:11,SOLUSDT,ask,137,7900.0
2024-09-12 22:09:12,SOLUSDT,ask,138,9557.0
2024-09-12 22:09:12,SOLUSDT,ask,139,10264.0
2024-09-12 22:09:13,SOLUSDT,ask,136,8211.0
2024-09-12 22:09:17,SOLUSDT,bid,123,8214.0
2024-09-12 22:09:19,SOLUSDT,ask,147,8301.0
2024-09-12 22:09:32,SOLUSDT,bid,127,14086.0
2024-09-12 22:09:36,SOLUSDT,ask,137,7960.0
2024-09-12 22:09:54,SOLUSDT,ask,140,7206.0
2024-09-12 22:09:55,SOLUSDT,ask,138,9540.0
2024-09-12 22:10:11,SOLUSDT,ask,138,9535.0
2024-09-12 22:10:13,SOLUSDT,bid,125,13058.0
2024-09-12 22:10:15,SOLUSDT,ask,137,7948.0
2024-09-12 22:10:16,SOLUSDT,ask,145,19111.0
2024-09-12 22:10:17,SOLUSDT,ask,137,7947.0
2024-09-12 22:10:43,SOLUSDT,bid,130,25305.0
2024-09-12 22:10:44,SOLUSDT,bid,132,19161.0
2024-09-12 22:10:47,SOLUSDT,bid,125,13073.0
2024-09-12 22:10:49,SOLUSDT,bid,123,8212.0
2024-09-12 22:10:51,SOLUSDT,bid,122,16103.0
2024-09-12 22:10:55,SOLUSDT,bid,130,25309.0
2024-09-12 22:10:56,SOLUSDT,bid,122,16115.0
2024-09-12 22:11:06,SOLUSDT,ask,137,7959.0
2024-09-12 22:11:18,SOLUSDT,ask,137,7938.0
2024-09-12 22:11:21,SOLUSDT,bid,128,8960.0
2024-09-12 22:11:25,SOLUSDT,ask,137,7926.0
2024-09-12 22:11:25,SOLUSDT,ask,138,9548.0
2024-09-12 22:11:25,SOLUSDT,ask,137,7927.0
2024-09-12 22:11:33,SOLUSDT,bid,130,25409.0
2024-09-12 22:11:48,SOLUSDT,ask,138,9536.0
2024-09-12 22:11:59,SOLUSDT,bid,122,16145.0
2024-09-12 22:11:59,SOLUSDT,ask,137,7936.0
2024-09-12 22:12:04,SOLUSDT,ask,140,7210.0
2024-09-12 22:12:10,SOLUSDT,bid,130,25410.0
2024-09-12 22:12:11,SOLUSDT,bid,128,9080.0
2024-09-12 22:12:28,SOLUSDT,bid,131,10266.0
2024-09-12 22:12:28,SOLUSDT,bid,133,8211.0
2024-09-12 22:12:28,SOLUSDT,ask,138,10266.0
2024-09-12 22:12:28,SOLUSDT,ask,136,8236.0
2024-09-12 22:12:39,SOLUSDT,bid,115,12998.0
2024-09-12 22:12:39,SOLUSDT,bid,120,12613.0
2024-09-12 22:12:40,SOLUSDT,bid,130,25430.0
2024-09-12 22:12:40,SOLUSDT,ask,136,8326.0
2024-09-12 22:12:40,SOLUSDT,ask,136,8278.0
2024-09-12 22:12:40,SOLUSDT,ask,136,8236.0
2024-09-12 22:12:40,SOLUSDT,ask,136,8284.0
2024-09-12 22:12:41,SOLUSDT,ask,136,8326.0
2024-09-12 22:12:41,SOLUSDT,ask,136,8374.0
2024-09-12 22:12:42,SOLUSDT,ask,136,8236.0
2024-09-12 22:12:43,SOLUSDT,ask,136,8326.0
2024-09-12 22:12:44,SOLUSDT,ask,136,8236.0
2024-09-12 22:12:44,SOLUSDT,bid,130,25411.0
2024-09-12 22:12:46,SOLUSDT,bid,128,9100.0
2024-09-12 22:12:48,SOLUSDT,ask,140,7220.0
2024-09-12 22:12:51,SOLUSDT,ask,138,9538.0
2024-09-12 22:12:53,SOLUSDT,ask,136,8326.0
2024-09-12 22:12:53,SOLUSDT,ask,136,8374.0
2024-09-12 22:12:53,SOLUSDT,ask,136,8236.0
2024-09-12 22:12:54,SOLUSDT,ask,136,8326.0
2024-09-12 22:12:54,SOLUSDT,ask,136,8284.0
2024-09-12 22:12:55,SOLUSDT,ask,136,8236.0
2024-09-12 22:12:56,SOLUSDT,ask,136,8326.0
2024-09-12 22:12:56,SOLUSDT,ask,136,8284.0
2024-09-12 22:12:57,SOLUSDT,ask,136,8236.0
2024-09-12 22:12:58,SOLUSDT,ask,136,8326.0
2024-09-12 22:12:58,SOLUSDT,ask,136,8236.0
2024-09-12 22:13:07,SOLUSDT,ask,140,7222.0
2024-09-12 22:13:15,SOLUSDT,bid,131,10266.0
2024-09-12 22:13:15,SOLUSDT,bid,133,8268.0
2024-09-12 22:13:16,SOLUSDT,ask,139,10265.0
2024-09-12 22:13:16,SOLUSDT,ask,136,8213.0
2024-09-12 22:13:16,SOLUSDT,ask,137,7937.0
2024-09-12 22:13:20,SOLUSDT,bid,130,25412.0
2024-09-12 22:13:30,SOLUSDT,ask,136,8215.0
2024-09-12 22:13:31,SOLUSDT,ask,136,8213.0
2024-09-12 22:13:48,SOLUSDT,ask,136,8215.0
2024-09-12 22:13:49,SOLUSDT,ask,136,8213.0
2024-09-12 22:13:56,SOLUSDT,bid,125,13078.0
2024-09-12 22:14:04,SOLUSDT,bid,123,8217.0
2024-09-12 22:14:04,SOLUSDT,bid,127,14085.0
2024-09-12 22:14:08,SOLUSDT,bid,122,16150.0
2024-09-12 22:14:10,SOLUSDT,ask,137,7936.0
2024-09-12 22:14:27,SOLUSDT,ask,137,7934.0
2024-09-12 22:14:41,SOLUSDT,bid,120,12599.0
2024-09-12 22:14:43,SOLUSDT,bid,125,13074.0
2024-09-12 22:14:45,SOLUSDT,ask,138,9532.0
2024-09-12 22:14:52,SOLUSDT,bid,123,8214.0
2024-09-12 22:14:58,SOLUSDT,bid,130,25414.0
2024-09-12 22:14:59,SOLUSDT,ask,136,8045.0
2024-09-12 22:15:05,SOLUSDT,ask,137,7937.0
2024-09-12 22:15:09,SOLUSDT,bid,120,12597.0
2024-09-12 22:15:12,SOLUSDT,bid,120,12602.0
2024-09-12 22:15:13,SOLUSDT,ask,136,8021.0
2024-09-12 22:15:20,SOLUSDT,ask,136,8020.0
2024-09-12 22:15:28,SOLUSDT,bid,130,25389.0
2024-09-12 22:15:31,SOLUSDT,bid,115,13003.0
2024-09-12 22:15:40,SOLUSDT,bid,130,25542.0
2024-09-12 22:15:49,SOLUSDT,bid,122,16146.0
2024-09-12 22:15:49,SOLUSDT,ask,137,7941.0
2024-09-12 22:15:53,SOLUSDT,bid,110,26599.0
2024-09-12 22:15:56,SOLUSDT,bid,123,8213.0
2024-09-12 22:15:57,SOLUSDT,bid,133,8269.0
2024-09-12 22:15:57,SOLUSDT,bid,132,19213.0
2024-09-12 22:16:00,SOLUSDT,bid,131,10269.0
2024-09-12 22:16:08,SOLUSDT,bid,120,12599.0
2024-09-12 22:16:24,SOLUSDT,ask,136,8008.0
2024-09-12 22:16:38,SOLUSDT,ask,140,7218.0
2024-09-12 22:16:48,SOLUSDT,ask,137,7948.0
2024-09-12 22:16:53,SOLUSDT,ask,140,7216.0
2024-09-12 22:16:59,SOLUSDT,ask,137,7872.0
2024-09-12 22:17:01,SOLUSDT,bid,133,8268.0
2024-09-12 22:17:07,SOLUSDT,ask,190,42414.0
2024-09-12 22:17:20,SOLUSDT,ask,138,9559.0
2024-09-12 22:17:50,SOLUSDT,bid,127,14080.0
2024-09-12 22:18:06,SOLUSDT,bid,127,14079.0
2024-09-12 22:18:23,SOLUSDT,bid,125,13075.0
2024-09-12 22:18:24,SOLUSDT,bid,130,25543.0
2024-09-12 22:18:28,SOLUSDT,ask,140,7206.0
2024-09-12 22:18:32,SOLUSDT,ask,137,8086.0
2024-09-12 22:18:38,SOLUSDT,ask,137,8087.0
2024-09-12 22:18:51,SOLUSDT,ask,145,19114.0
2024-09-12 22:19:07,SOLUSDT,bid,130,25563.0
2024-09-12 22:19:14,SOLUSDT,bid,130,25562.0
2024-09-12 22:19:19,SOLUSDT,bid,125,13074.0
2024-09-12 22:19:19,SOLUSDT,ask,138,9558.0
2024-09-12 22:19:22,SOLUSDT,bid,130,25537.0
2024-09-12 22:19:23,SOLUSDT,bid,128,9075.0
2024-09-12 22:19:28,SOLUSDT,bid,128,9077.0
2024-09-12 22:19:31,SOLUSDT,bid,123,8214.0
2024-09-12 22:19:34,SOLUSDT,bid,130,25557.0
2024-09-12 22:19:49,SOLUSDT,bid,130,25555.0
2024-09-12 22:20:05,SOLUSDT,bid,120,12560.0
2024-09-12 22:20:05,SOLUSDT,bid,122,16147.0
2024-09-12 22:20:11,SOLUSDT,bid,125,13073.0
2024-09-12 22:20:14,SOLUSDT,bid,130,25561.0
2024-09-12 22:20:22,SOLUSDT,bid,128,9083.0
2024-09-12 22:20:28,SOLUSDT,ask,137,8106.0
2024-09-12 22:20:42,SOLUSDT,bid,130,25565.0
2024-09-12 22:20:49,SOLUSDT,bid,128,9084.0
2024-09-12 22:20:49,SOLUSDT,ask,138,9608.0
2024-09-12 22:20:49,SOLUSDT,bid,133,8269.0
2024-09-12 22:20:51,SOLUSDT,bid,133,8268.0
2024-09-12 22:20:54,SOLUSDT,bid,130,25562.0
2024-09-12 22:20:55,SOLUSDT,ask,137,8086.0
2024-09-12 22:20:55,SOLUSDT,ask,140,7186.0
2024-09-12 22:20:56,SOLUSDT,bid,130,25566.0
2024-09-12 22:21:01,SOLUSDT,ask,145,19116.0
2024-09-12 22:21:09,SOLUSDT,ask,137,8087.0
2024-09-12 22:21:13,SOLUSDT,ask,140,7241.0
2024-09-12 22:21:25,SOLUSDT,bid,128,8964.0
2024-09-12 22:21:36,SOLUSDT,ask,140,7252.0
2024-09-12 22:21:48,SOLUSDT,ask,138,9561.0
2024-09-12 22:21:55,SOLUSDT,ask,140,7299.0
2024-09-12 22:22:20,SOLUSDT,ask,147,8153.0
2024-09-12 22:22:21,SOLUSDT,bid,130,10264.0
2024-09-12 22:22:21,SOLUSDT,bid,133,8231.0
2024-09-12 22:22:21,SOLUSDT,ask,138,10264.0
2024-09-12 22:22:21,SOLUSDT,ask,136,8211.0
2024-09-12 22:22:35,SOLUSDT,bid,130,10337.0
2024-09-12 22:22:40,SOLUSDT,bid,132,19161.0
2024-09-12 22:22:42,SOLUSDT,bid,123,8215.0
2024-09-12 22:22:43,SOLUSDT,bid,125,13074.0
2024-09-12 22:22:53,SOLUSDT,bid,123,8214.0
2024-09-12 22:23:19,SOLUSDT,ask,138,9542.0
2024-09-12 22:23:21,SOLUSDT,bid,130,25586.0
2024-09-12 22:23:21,SOLUSDT,bid,120,12544.0
2024-09-12 22:23:22,SOLUSDT,ask,138,9541.0
2024-09-12 22:23:29,SOLUSDT,bid,115,13004.0
2024-09-12 22:23:50,SOLUSDT,bid,133,8279.0
2024-09-12 22:23:50,SOLUSDT,bid,133,8327.0
2024-09-12 22:23:50,SOLUSDT,bid,133,8279.0
2024-09-12 22:23:50,SOLUSDT,bid,110,26608.0
2024-09-12 22:23:50,SOLUSDT,bid,133,8279.0
2024-09-12 22:23:51,SOLUSDT,bid,133,8231.0
2024-09-12 22:24:10,SOLUSDT,bid,127,14075.0
2024-09-12 22:24:30,SOLUSDT,ask,137,8084.0
2024-09-12 22:24:42,SOLUSDT,bid,130,25575.0
2024-09-12 22:24:45,SOLUSDT,bid,130,25651.0
2024-09-12 22:25:19,SOLUSDT,bid,130,25652.0
2024-09-12 22:26:01,SOLUSDT,bid,128,8958.0
2024-09-12 22:26:03,SOLUSDT,ask,137,8082.0
2024-09-12 22:26:06,SOLUSDT,bid,130,25576.0
2024-09-12 22:26:30,SOLUSDT,bid,122,16146.0
2024-09-12 22:26:41,SOLUSDT,ask,137,8089.0
2024-09-12 22:26:43,SOLUSDT,bid,130,25676.0
2024-09-12 22:26:53,SOLUSDT,bid,128,8956.0
2024-09-12 22:27:13,SOLUSDT,bid,128,8957.0
2024-09-12 22:27:22,SOLUSDT,bid,130,25684.0
2024-09-12 22:27:35,SOLUSDT,bid,128,9157.0
2024-09-12 22:27:36,SOLUSDT,bid,130,10264.0
2024-09-12 22:27:39,SOLUSDT,bid,127,14275.0
2024-09-12 22:27:42,SOLUSDT,bid,127,14303.0
2024-09-12 22:28:17,SOLUSDT,ask,140,7292.0
2024-09-12 22:28:27,SOLUSDT,bid,127,14536.0
2024-09-12 22:28:34,SOLUSDT,bid,132,19156.0
2024-09-12 22:28:41,SOLUSDT,bid,132,19165.0
2024-09-12 22:28:50,SOLUSDT,bid,128,9156.0
2024-09-12 22:28:55,SOLUSDT,ask,138,9542.0
2024-09-12 22:29:06,SOLUSDT,ask,138,9577.0
2024-09-12 22:29:12,SOLUSDT,bid,130,25685.0
2024-09-12 22:29:12,SOLUSDT,ask,137,8090.0
2024-09-12 22:29:12,SOLUSDT,ask,138,9578.0
2024-09-12 22:29:12,SOLUSDT,ask,140,7293.0
2024-09-12 22:29:17,SOLUSDT,bid,110,26606.0
2024-09-12 22:29:20,SOLUSDT,bid,127,14530.0
2024-09-12 22:29:33,SOLUSDT,bid,120,12545.0
2024-09-12 22:29:46,SOLUSDT,bid,110,26608.0
2024-09-12 22:30:08,SOLUSDT,bid,127,14529.0
2024-09-12 22:30:10,SOLUSDT,bid,125,12926.0
2024-09-12 22:30:10,SOLUSDT,bid,130,25686.0
2024-09-12 22:30:25,SOLUSDT,ask,138,9585.0
2024-09-12 22:30:28,SOLUSDT,bid,130,25663.0
2024-09-12 22:30:36,SOLUSDT,bid,127,14522.0
2024-09-12 22:30:48,SOLUSDT,bid,128,9151.0
2024-09-12 22:30:50,SOLUSDT,bid,130,25658.0
2024-09-12 22:30:58,SOLUSDT,ask,137,7726.0
2024-09-12 22:31:34,SOLUSDT,bid,128,9150.0
2024-09-12 22:31:36,SOLUSDT,bid,130,10265.0
2024-09-12 22:31:36,SOLUSDT,bid,133,8211.0
2024-09-12 22:31:36,SOLUSDT,ask,138,10267.0
2024-09-12 22:31:41,SOLUSDT,bid,130,25657.0
2024-09-12 22:31:44,SOLUSDT,bid,120,12544.0
2024-09-12 22:31:44,SOLUSDT,bid,122,16145.0
2024-09-12 22:31:44,SOLUSDT,bid,123,8213.0
2024-09-12 22:31:44,SOLUSDT,bid,125,12925.0
2024-09-12 22:31:44,SOLUSDT,bid,127,14521.0
2024-09-12 22:31:44,SOLUSDT,bid,128,9149.0
2024-09-12 22:31:44,SOLUSDT,bid,130,25656.0
2024-09-12 22:31:44,SOLUSDT,bid,132,19164.0
2024-09-12 22:31:44,SOLUSDT,ask,137,7725.0
2024-09-12 22:31:44,SOLUSDT,ask,138,9584.0
2024-09-12 22:31:44,SOLUSDT,ask,140,7292.0
2024-09-12 22:31:54,SOLUSDT,bid,133,8259.0
2024-09-12 22:31:54,SOLUSDT,bid,133,8307.0
2024-09-12 22:31:55,SOLUSDT,bid,133,8355.0
2024-09-12 22:31:56,SOLUSDT,bid,133,8307.0
2024-09-12 22:31:56,SOLUSDT,bid,133,8259.0
2024-09-12 22:31:56,SOLUSDT,bid,133,8211.0
2024-09-12 22:32:01,SOLUSDT,bid,130,25655.0
2024-09-12 22:32:05,SOLUSDT,ask,144,37007.0
2024-09-12 22:32:06,SOLUSDT,bid,128,9273.0
2024-09-12 22:32:15,SOLUSDT,bid,125,12924.0
2024-09-12 22:32:17,SOLUSDT,bid,133,8259.0
2024-09-12 22:32:17,SOLUSDT,bid,133,8307.0
2024-09-12 22:32:17,SOLUSDT,bid,133,8211.0
2024-09-12 22:32:19,SOLUSDT,bid,128,9149.0
2024-09-12 22:32:32,SOLUSDT,ask,138,10264.0
2024-09-12 22:32:32,SOLUSDT,ask,136,8213.0
2024-09-12 22:32:42,SOLUSDT,bid,127,14545.0
2024-09-12 22:33:07,SOLUSDT,bid,133,8259.0
2024-09-12 22:33:07,SOLUSDT,bid,133,8307.0
2024-09-12 22:33:07,SOLUSDT,bid,133,8259.0
2024-09-12 22:33:08,SOLUSDT,bid,133,8211.0
2024-09-12 22:33:17,SOLUSDT,ask,140,7291.0
2024-09-12 22:33:37,SOLUSDT,bid,128,9159.0
2024-09-12 22:33:42,SOLUSDT,bid,120,12534.0
2024-09-12 22:33:46,SOLUSDT,bid,128,9204.0
2024-09-12 22:33:49,SOLUSDT,bid,130,25678.0
2024-09-12 22:33:55,SOLUSDT,bid,128,9159.0
2024-09-12 22:34:06,SOLUSDT,ask,138,9549.0
2024-09-12 22:34:09,SOLUSDT,bid,130,10264.0
2024-09-12 22:34:09,SOLUSDT,bid,133,8211.0
2024-09-12 22:34:37,SOLUSDT,bid,130,25679.0
2024-09-12 22:34:49,SOLUSDT,bid,130,10266.0
2024-09-12 22:34:49,SOLUSDT,bid,132,8211.0
2024-09-12 22:35:02,SOLUSDT,bid,127,14546.0
2024-09-12 22:35:10,SOLUSDT,bid,128,9160.0
2024-09-12 22:35:15,SOLUSDT,ask,137,7739.0
2024-09-12 22:35:33,SOLUSDT,bid,132,8235.0
2024-09-12 22:35:34,SOLUSDT,bid,120,12536.0
2024-09-12 22:35:34,SOLUSDT,bid,123,8215.0
2024-09-12 22:35:34,SOLUSDT,bid,132,19165.0
2024-09-12 22:35:34,SOLUSDT,ask,138,9550.0
2024-09-12 22:35:34,SOLUSDT,ask,143,14018.0
2024-09-12 22:35:34,SOLUSDT,ask,144,37008.0
2024-09-12 22:35:34,SOLUSDT,ask,145,20602.0
2024-09-12 22:35:34,SOLUSDT,ask,147,8154.0
2024-09-12 22:35:40,SOLUSDT,bid,120,12535.0
2024-09-12 22:35:49,SOLUSDT,ask,138,9538.0
2024-09-12 22:36:03,SOLUSDT,bid,120,12542.0
2024-09-12 22:36:07,SOLUSDT,bid,128,9159.0
2024-09-12 22:36:08,SOLUSDT,bid,127,14532.0
2024-09-12 22:36:11,SOLUSDT,ask,137,7734.0
2024-09-12 22:36:45,SOLUSDT,bid,132,8235.0
2024-09-12 22:36:46,SOLUSDT,bid,132,8283.0
2024-09-12 22:36:46,SOLUSDT,bid,132,8235.0
2024-09-12 22:36:46,SOLUSDT,bid,130,25686.0
2024-09-12 22:36:49,SOLUSDT,bid,130,25687.0
2024-09-12 22:36:53,SOLUSDT,ask,138,10408.0
2024-09-12 22:36:54,SOLUSDT,bid,130,25688.0
2024-09-12 22:37:00,SOLUSDT,bid,132,8236.0
2024-09-12 22:37:01,SOLUSDT,bid,132,8238.0
2024-09-12 22:37:16,SOLUSDT,bid,130,25541.0
2024-09-12 22:37:18,SOLUSDT,bid,132,8214.0
2024-09-12 22:37:50,SOLUSDT,bid,128,9209.0
2024-09-12 22:38:01,SOLUSDT,bid,132,8211.0
2024-09-12 22:38:08,SOLUSDT,bid,127,14582.0
2024-09-12 22:38:37,SOLUSDT,bid,130,25695.0
2024-09-12 22:39:04,SOLUSDT,ask,137,7784.0
2024-09-12 22:39:12,SOLUSDT,bid,90,59149.0
2024-09-12 22:39:13,SOLUSDT,ask,138,9588.0
2024-09-12 22:39:20,SOLUSDT,bid,90,59143.0
2024-09-12 22:39:25,SOLUSDT,ask,137,7798.0
2024-09-12 22:39:38,SOLUSDT,ask,140,7412.0
2024-09-12 22:41:07,SOLUSDT,ask,140,7413.0
2024-09-12 22:41:16,SOLUSDT,ask,137,7806.0
2024-09-12 22:41:25,SOLUSDT,ask,140,7412.0
2024-09-12 22:41:56,SOLUSDT,bid,130,25771.0
2024-09-12 22:42:21,SOLUSDT,ask,145,19119.0
2024-09-12 22:42:27,SOLUSDT,bid,130,10264.0
2024-09-12 22:42:27,SOLUSDT,bid,133,8214.0
2024-09-12 22:42:37,SOLUSDT,bid,130,25786.0
2024-09-12 22:42:40,SOLUSDT,bid,128,9229.0
2024-09-12 22:43:12,SOLUSDT,bid,130,25790.0
2024-09-12 22:43:21,SOLUSDT,bid,133,8229.0
2024-09-12 22:43:35,SOLUSDT,bid,130,25791.0
2024-09-12 22:43:37,SOLUSDT,bid,125,13122.0
2024-09-12 22:43:37,SOLUSDT,bid,130,25637.0
2024-09-12 22:43:44,SOLUSDT,ask,138,9595.0
2024-09-12 22:43:51,SOLUSDT,ask,137,7817.0
2024-09-12 22:43:54,SOLUSDT,bid,130,10279.0
2024-09-12 22:43:54,SOLUSDT,bid,133,8211.0
2024-09-12 22:44:01,SOLUSDT,ask,138,10264.0
2024-09-12 22:44:04,SOLUSDT,ask,138,10264.0
2024-09-12 22:44:10,SOLUSDT,ask,137,7815.0
2024-09-12 22:44:12,SOLUSDT,ask,138,9593.0
2024-09-12 22:44:14,SOLUSDT,ask,140,7410.0
2024-09-12 22:44:14,SOLUSDT,bid,128,9243.0
2024-09-12 22:44:15,SOLUSDT,bid,130,25660.0
2024-09-12 22:44:17,SOLUSDT,ask,144,37006.0
2024-09-12 22:44:18,SOLUSDT,ask,145,19117.0
2024-09-12 22:44:44,SOLUSDT,ask,137,7816.0
2024-09-12 22:44:51,SOLUSDT,bid,128,9265.0
2024-09-12 22:44:54,SOLUSDT,ask,138,9594.0
2024-09-12 22:45:11,SOLUSDT,bid,130,10264.0
2024-09-12 22:45:11,SOLUSDT,bid,130,25661.0
2024-09-12 22:45:11,SOLUSDT,bid,132,8236.0
2024-09-12 22:45:15,SOLUSDT,ask,138,9586.0
2024-09-12 22:45:15,SOLUSDT,ask,140,7403.0
2024-09-12 22:45:18,SOLUSDT,ask,138,9596.0
2024-09-12 22:45:18,SOLUSDT,ask,140,7413.0
2024-09-12 22:45:18,SOLUSDT,bid,132,8243.0
2024-09-12 22:45:28,SOLUSDT,bid,132,8236.0
2024-09-12 22:45:30,SOLUSDT,bid,130,25657.0
2024-09-12 22:45:34,SOLUSDT,bid,110,26593.0
2024-09-12 22:45:34,SOLUSDT,bid,112,15175.0
2024-09-12 22:45:34,SOLUSDT,bid,115,12989.0
2024-09-12 22:45:34,SOLUSDT,bid,120,12528.0
2024-09-12 22:45:34,SOLUSDT,bid,122,16131.0
2024-09-12 22:45:34,SOLUSDT,bid,123,8201.0
2024-09-12 22:45:34,SOLUSDT,bid,125,13109.0
2024-09-12 22:45:34,SOLUSDT,bid,127,14569.0
2024-09-12 22:45:34,SOLUSDT,bid,128,9252.0
2024-09-12 22:45:34,SOLUSDT,bid,130,25644.0
2024-09-12 22:45:42,SOLUSDT,bid,129,10265.0
2024-09-12 22:45:43,SOLUSDT,bid,132,8239.0
2024-09-12 22:45:43,SOLUSDT,ask,137,10264.0
2024-09-12 22:45:45,SOLUSDT,bid,127,14722.0
2024-09-12 22:45:55,SOLUSDT,bid,130,25645.0
2024-09-12 22:46:02,SOLUSDT,bid,128,9267.0
2024-09-12 22:46:06,SOLUSDT,ask,137,7827.0
2024-09-12 22:46:10,SOLUSDT,bid,130,25622.0
2024-09-12 22:46:24,SOLUSDT,bid,129,10288.0
2024-09-12 22:46:25,SOLUSDT,bid,131,8216.0
2024-09-12 22:46:25,SOLUSDT,ask,138,10264.0
2024-09-12 22:46:28,SOLUSDT,bid,130,25644.0
2024-09-12 22:46:33,SOLUSDT,ask,137,7804.0
2024-09-12 22:46:39,SOLUSDT,bid,130,25640.0
2024-09-12 22:46:41,SOLUSDT,bid,130,25642.0
2024-09-12 22:46:45,SOLUSDT,bid,127,14723.0
2024-09-12 22:46:46,SOLUSDT,bid,127,14725.0
2024-09-12 22:46:47,SOLUSDT,bid,130,25645.0
2024-09-12 22:46:49,SOLUSDT,bid,130,25636.0
2024-09-12 22:46:51,SOLUSDT,bid,125,13107.0
2024-09-12 22:46:51,SOLUSDT,bid,127,14724.0
2024-09-12 22:46:51,SOLUSDT,bid,130,25646.0
2024-09-12 22:46:51,SOLUSDT,bid,127,14722.0
2024-09-12 22:46:51,SOLUSDT,ask,138,9583.0
2024-09-12 22:46:53,SOLUSDT,bid,125,13091.0
2024-09-12 22:46:53,SOLUSDT,bid,130,25631.0
2024-09-12 22:46:56,SOLUSDT,bid,130,25632.0
2024-09-12 22:46:56,SOLUSDT,bid,122,16147.0
2024-09-12 22:46:56,SOLUSDT,ask,138,9573.0
2024-09-12 22:46:58,SOLUSDT,ask,138,9586.0
2024-09-12 22:46:58,SOLUSDT,ask,140,7404.0
2024-09-12 22:47:08,SOLUSDT,ask,138,9585.0
2024-09-12 22:47:14,SOLUSDT,bid,129,10265.0
2024-09-12 22:47:15,SOLUSDT,bid,128,9324.0
2024-09-12 22:47:15,SOLUSDT,bid,131,8212.0
2024-09-12 22:47:15,SOLUSDT,ask,137,10959.0
2024-09-12 22:47:29,SOLUSDT,ask,137,7788.0
2024-09-12 22:47:30,SOLUSDT,ask,138,9570.0
2024-09-12 22:47:31,SOLUSDT,bid,130,25646.0
2024-09-12 22:47:31,SOLUSDT,bid,130,25624.0
2024-09-12 22:47:36,SOLUSDT,ask,138,10264.0
2024-09-12 22:47:38,SOLUSDT,bid,132,19166.0
2024-09-12 22:47:39,SOLUSDT,bid,132,19165.0
2024-09-12 22:47:40,SOLUSDT,bid,132,19145.0
2024-09-12 22:47:44,SOLUSDT,bid,128,9274.0
2024-09-12 22:47:46,SOLUSDT,bid,129,10276.0
2024-09-12 22:47:47,SOLUSDT,bid,131,8211.0
2024-09-12 22:47:51,SOLUSDT,bid,128,9259.0
2024-09-12 22:47:53,SOLUSDT,bid,131,8248.0
2024-09-12 22:47:57,SOLUSDT,bid,127,14782.0
2024-09-12 22:48:04,SOLUSDT,bid,127,14783.0
2024-09-12 22:48:06,SOLUSDT,bid,128,9255.0
2024-09-12 22:48:06,SOLUSDT,bid,131,8211.0
2024-09-12 22:48:07,SOLUSDT,bid,130,25620.0
2024-09-12 22:48:08,SOLUSDT,bid,130,25621.0
2024-09-12 22:48:10,SOLUSDT,bid,127,14782.0
2024-09-12 22:48:14,SOLUSDT,bid,130,25663.0
2024-09-12 22:48:15,SOLUSDT,bid,132,19147.0
2024-09-12 22:48:24,SOLUSDT,ask,138,10266.0
2024-09-12 22:48:34,SOLUSDT,bid,130,25737.0
2024-09-12 22:48:34,SOLUSDT,bid,127,14789.0
2024-09-12 22:48:36,SOLUSDT,bid,130,25738.0
2024-09-12 22:48:37,SOLUSDT,bid,120,12728.0
2024-09-12 22:48:40,SOLUSDT,bid,120,12528.0
2024-09-12 22:48:43,SOLUSDT,bid,130,25736.0
2024-09-12 22:48:58,SOLUSDT,bid,127,14790.0
2024-09-12 22:48:58,SOLUSDT,ask,138,9556.0
2024-09-12 22:48:59,SOLUSDT,bid,127,14791.0
2024-09-12 22:48:59,SOLUSDT,bid,127,14792.0
2024-09-12 22:49:02,SOLUSDT,bid,130,25739.0
2024-09-12 22:49:04,SOLUSDT,bid,127,14791.0
2024-09-12 22:49:05,SOLUSDT,bid,127,14790.0
2024-09-12 22:49:05,SOLUSDT,bid,127,14789.0
2024-09-12 22:49:07,SOLUSDT,bid,125,13093.0
2024-09-12 22:49:07,SOLUSDT,bid,129,10265.0
2024-09-12 22:49:07,SOLUSDT,bid,131,8212.0
2024-09-12 22:49:07,SOLUSDT,bid,128,9260.0
2024-09-12 22:49:13,SOLUSDT,ask,138,10264.0
2024-09-12 22:49:17,SOLUSDT,bid,130,25697.0
2024-09-12 22:49:25,SOLUSDT,bid,130,25696.0
2024-09-12 22:49:27,SOLUSDT,bid,130,25697.0
2024-09-12 22:49:31,SOLUSDT,bid,130,25956.0
2024-09-12 22:49:35,SOLUSDT,bid,132,19145.0
2024-09-12 22:49:37,SOLUSDT,bid,130,25984.0
2024-09-12 22:49:40,SOLUSDT,bid,128,9261.0
2024-09-12 22:49:42,SOLUSDT,bid,122,16142.0
2024-09-12 22:49:44,SOLUSDT,bid,130,25982.0
2024-09-12 22:49:44,SOLUSDT,bid,130,25987.0
2024-09-12 22:49:46,SOLUSDT,bid,130,25988.0
2024-09-12 22:49:52,SOLUSDT,bid,127,14793.0
2024-09-12 22:50:00,SOLUSDT,ask,146,16760.0
2024-09-12 22:50:03,SOLUSDT,bid,130,25994.0
2024-09-12 22:50:06,SOLUSDT,ask,137,7787.0
2024-09-12 22:50:06,SOLUSDT,bid,122,16164.0
2024-09-12 22:50:09,SOLUSDT,ask,137,7786.0
2024-09-12 22:50:09,SOLUSDT,ask,138,9555.0
2024-09-12 22:50:09,SOLUSDT,ask,140,7403.0
2024-09-12 22:50:10,SOLUSDT,ask,145,19099.0
2024-09-12 22:50:12,SOLUSDT,bid,130,25996.0
2024-09-12 22:50:13,SOLUSDT,bid,132,19144.0
2024-09-12 22:50:13,SOLUSDT,ask,138,9545.0
2024-09-12 22:50:22,SOLUSDT,bid,130,25997.0
2024-09-12 22:50:22,SOLUSDT,ask,145,19102.0
2024-09-12 22:50:34,SOLUSDT,bid,127,14794.0
2024-09-12 22:50:37,SOLUSDT,bid,125,13094.0
2024-09-12 22:50:37,SOLUSDT,ask,145,19099.0
2024-09-12 22:50:41,SOLUSDT,bid,130,25998.0
2024-09-12 22:50:44,SOLUSDT,ask,137,7792.0
2024-09-12 22:50:45,SOLUSDT,bid,128,9264.0
2024-09-12 22:50:56,SOLUSDT,ask,137,7797.0
2024-09-12 22:51:00,SOLUSDT,bid,132,19165.0
2024-09-12 22:51:08,SOLUSDT,bid,132,19219.0
2024-09-12 22:51:08,SOLUSDT,bid,127,14795.0
2024-09-12 22:51:10,SOLUSDT,bid,132,19198.0
2024-09-12 22:51:16,SOLUSDT,bid,132,19144.0
2024-09-12 22:51:16,SOLUSDT,bid,132,19198.0
2024-09-12 22:51:18,SOLUSDT,bid,132,19144.0
2024-09-12 22:51:19,SOLUSDT,ask,137,7763.0
2024-09-12 22:51:32,SOLUSDT,bid,128,9079.0
2024-09-12 22:51:38,SOLUSDT,bid,122,16217.0
2024-09-12 22:51:39,SOLUSDT,bid,132,19145.0
2024-09-12 22:51:41,SOLUSDT,bid,132,19144.0
2024-09-12 22:51:47,SOLUSDT,bid,85,25470.0
2024-09-12 22:51:47,SOLUSDT,bid,130,25973.0
2024-09-12 22:51:48,SOLUSDT,bid,130,25996.0
2024-09-12 22:51:49,SOLUSDT,bid,128,9077.0
2024-09-12 22:51:51,SOLUSDT,ask,144,36994.0
2024-09-12 22:51:55,SOLUSDT,bid,130,25922.0
2024-09-12 22:51:57,SOLUSDT,bid,128,9080.0
2024-09-12 22:52:03,SOLUSDT,ask,137,7832.0
2024-09-12 22:52:14,SOLUSDT,bid,122,16213.0
2024-09-12 22:52:17,SOLUSDT,bid,132,20044.0
2024-09-12 22:52:22,SOLUSDT,bid,130,25920.0
2024-09-12 22:52:22,SOLUSDT,bid,110,26616.0
2024-09-12 22:52:26,SOLUSDT,bid,132,19144.0
2024-09-12 22:52:26,SOLUSDT,ask,147,8144.0
2024-09-12 22:52:26,SOLUSDT,ask,147,8143.0
2024-09-12 22:52:28,SOLUSDT,bid,129,10264.0
2024-09-12 22:52:28,SOLUSDT,bid,132,8213.0
2024-09-12 22:52:33,SOLUSDT,bid,120,12538.0
2024-09-12 22:52:34,SOLUSDT,bid,130,25923.0
2024-09-12 22:52:36,SOLUSDT,bid,122,16229.0
2024-09-12 22:52:36,SOLUSDT,bid,130,25961.0
2024-09-12 22:52:40,SOLUSDT,bid,115,13094.0
2024-09-12 22:52:50,SOLUSDT,bid,132,19170.0
2024-09-12 22:53:01,SOLUSDT,bid,132,19144.0
2024-09-12 22:53:04,SOLUSDT,bid,132,12001.0
2024-09-12 22:53:05,SOLUSDT,bid,132,12049.0
2024-09-12 22:53:05,SOLUSDT,bid,132,12001.0
2024-09-12 22:53:08,SOLUSDT,bid,128,9083.0
2024-09-12 22:53:24,SOLUSDT,bid,129,10281.0
2024-09-12 22:53:25,SOLUSDT,bid,132,8236.0
2024-09-12 22:53:32,SOLUSDT,bid,125,13095.0
2024-09-12 22:53:32,SOLUSDT,bid,128,9084.0
2024-09-12 22:53:32,SOLUSDT,ask,137,7833.0
2024-09-12 22:53:32,SOLUSDT,ask,140,7223.0
2024-09-12 22:53:34,SOLUSDT,ask,137,10278.0
2024-09-12 22:53:35,SOLUSDT,bid,125,13090.0
2024-09-12 22:53:35,SOLUSDT,bid,127,14786.0
2024-09-12 22:53:35,SOLUSDT,bid,128,9080.0
2024-09-12 22:53:35,SOLUSDT,bid,130,25954.0
2024-09-12 22:53:37,SOLUSDT,ask,147,8143.0
2024-09-12 22:53:39,SOLUSDT,ask,137,7912.0
2024-09-12 22:53:49,SOLUSDT,bid,110,26615.0
2024-09-12 22:53:49,SOLUSDT,bid,122,16228.0
2024-09-12 22:53:49,SOLUSDT,ask,146,16759.0
2024-09-12 22:53:58,SOLUSDT,bid,130,25953.0
2024-09-12 22:53:58,SOLUSDT,ask,137,7911.0
2024-09-12 22:53:59,SOLUSDT,bid,125,13089.0
2024-09-12 22:53:59,SOLUSDT,bid,128,9079.0
2024-09-12 22:53:59,SOLUSDT,ask,137,7910.0
2024-09-12 22:53:59,SOLUSDT,ask,140,7222.0
2024-09-12 22:54:00,SOLUSDT,bid,130,25971.0
2024-09-12 22:54:01,SOLUSDT,bid,127,14777.0
2024-09-12 22:54:02,SOLUSDT,bid,132,19153.0
2024-09-12 22:54:02,SOLUSDT,bid,132,19162.0
2024-09-12 22:54:06,SOLUSDT,bid,112,15183.0
2024-09-12 22:54:20,SOLUSDT,bid,129,10299.0
2024-09-12 22:54:21,SOLUSDT,bid,132,8246.0
2024-09-12 22:54:21,SOLUSDT,bid,130,25972.0
2024-09-12 22:54:25,SOLUSDT,bid,130,25987.0
2024-09-12 22:54:41,SOLUSDT,bid,132,12029.0
2024-09-12 22:54:46,SOLUSDT,bid,132,19216.0
2024-09-12 22:54:49,SOLUSDT,ask,138,9541.0
2024-09-12 22:54:50,SOLUSDT,bid,127,14753.0
2024-09-12 22:54:50,SOLUSDT,bid,132,12001.0
2024-09-12 22:54:51,SOLUSDT,bid,132,19162.0
2024-09-12 22:55:04,SOLUSDT,bid,132,19163.0
2024-09-12 22:55:06,SOLUSDT,bid,132,19162.0
2024-09-12 22:55:10,SOLUSDT,ask,140,7241.0
2024-09-12 22:55:14,SOLUSDT,bid,132,19162.0
2024-09-12 22:55:15,SOLUSDT,bid,125,13088.0
2024-09-12 22:55:19,SOLUSDT,bid,130,25988.0
2024-09-12 22:55:27,SOLUSDT,bid,130,25992.0
2024-09-12 22:55:33,SOLUSDT,ask,140,7222.0
2024-09-12 22:55:36,SOLUSDT,bid,130,26012.0
2024-09-12 22:55:38,SOLUSDT,bid,128,9092.0
2024-09-12 22:55:44,SOLUSDT,bid,132,19167.0
2024-09-12 22:55:52,SOLUSDT,bid,130,26013.0
2024-09-12 22:55:53,SOLUSDT,bid,128,9097.0
2024-09-12 22:55:57,SOLUSDT,bid,130,26022.0
2024-09-12 22:56:26,SOLUSDT,bid,120,12540.0
2024-09-12 22:56:26,SOLUSDT,bid,130,26021.0
2024-09-12 22:56:32,SOLUSDT,ask,137,7899.0
2024-09-12 22:56:33,SOLUSDT,ask,138,9551.0
2024-09-12 22:56:41,SOLUSDT,bid,128,9079.0
2024-09-12 22:56:52,SOLUSDT,bid,110,26606.0
2024-09-12 22:57:03,SOLUSDT,bid,130,26030.0
2024-09-12 22:57:05,SOLUSDT,bid,127,14865.0
2024-09-12 22:57:05,SOLUSDT,bid,127,14941.0
