2024-08-31 07:02:37,ETHUSDT,bid,1960,5207.908
2024-08-31 07:04:58,ETHUSDT,bid,2430,5173.185
2024-08-31 07:05:04,ETHUSDT,bid,2420,4459.644
2024-08-31 07:05:49,ETHUSDT,bid,2420,10144.747
2024-08-31 07:06:06,ETHUSDT,bid,2460,5076.249
2024-08-31 07:06:06,ETHUSDT,bid,2460,5076.263
2024-08-31 07:06:32,ETHUSDT,bid,2460,5076.563
2024-08-31 07:06:41,ETHUSDT,bid,2440,5193.178
2024-08-31 07:06:42,ETHUSDT,bid,2440,5191.248
2024-08-31 07:07:40,ETHUSDT,bid,2450,5159.77
2024-08-31 07:08:50,ETHUSDT,bid,2460,5076.644
2024-08-31 07:09:17,ETHUSDT,bid,2430,5173.485
2024-08-31 07:09:36,ETHUSDT,bid,2420,4459.025
2024-08-31 07:09:53,ETHUSDT,bid,2430,5174.101
2024-08-31 07:10:31,ETHUSDT,ask,2990,3383.812
2024-08-31 07:10:40,ETHUSDT,ask,3000,3323.379
2024-08-31 07:11:04,ETHUSDT,ask,3040,3301.742
2024-08-31 07:11:36,ETHUSDT,ask,3120,3196.975
2024-08-31 07:11:42,ETHUSDT,bid,2440,5158.574
2024-08-31 07:12:04,ETHUSDT,bid,2200,5069.928
2024-08-31 07:12:13,ETHUSDT,bid,2470,4108.732
2024-08-31 07:12:27,ETHUSDT,bid,2420,4177.469
2024-08-31 07:13:12,ETHUSDT,bid,2420,10131.018
2024-08-31 07:13:14,ETHUSDT,bid,2460,5078.114
2024-08-31 07:14:09,ETHUSDT,bid,2450,5159.824
2024-08-31 07:14:13,ETHUSDT,bid,2450,5159.77
2024-08-31 07:14:16,ETHUSDT,bid,2420,4132.079
2024-08-31 07:14:17,ETHUSDT,bid,2410,5126.171
2024-08-31 07:14:21,ETHUSDT,bid,2450,5159.817
2024-08-31 07:15:05,ETHUSDT,bid,2410,5126.141
2024-08-31 07:15:41,ETHUSDT,bid,2470,5168.566
2024-08-31 07:15:47,ETHUSDT,bid,2420,10130.797
2024-08-31 07:15:47,ETHUSDT,bid,2430,5173.88
2024-08-31 07:15:47,ETHUSDT,bid,2440,5158.353
2024-08-31 07:15:47,ETHUSDT,bid,2450,5159.596
2024-08-31 07:15:47,ETHUSDT,bid,2460,5077.893
2024-08-31 07:15:47,ETHUSDT,bid,2470,5168.345
2024-08-31 07:16:06,ETHUSDT,bid,2470,5168.145
2024-08-31 07:19:42,ETHUSDT,bid,2410,4162.963
2024-08-31 07:19:51,ETHUSDT,bid,2420,4459.066
2024-08-31 07:20:21,ETHUSDT,bid,2450,5159.799
2024-08-31 07:21:03,ETHUSDT,bid,1960,5205.357
2024-08-31 07:21:08,ETHUSDT,bid,2460,5078.907
2024-08-31 07:21:18,ETHUSDT,bid,2470,4108.718
2024-08-31 07:21:27,ETHUSDT,bid,1700,6068.194
2024-08-31 07:21:29,ETHUSDT,bid,2420,4458.946
2024-08-31 07:22:36,ETHUSDT,bid,2420,10130.944
2024-08-31 07:22:36,ETHUSDT,bid,2430,5174.027
2024-08-31 07:22:36,ETHUSDT,bid,2440,5158.5
2024-08-31 07:22:36,ETHUSDT,bid,2450,5159.946
2024-08-31 07:22:36,ETHUSDT,bid,2460,5079.054
2024-08-31 07:22:36,ETHUSDT,bid,2470,5168.292
2024-08-31 07:23:51,ETHUSDT,bid,2230,4489.878
2024-08-31 07:24:52,ETHUSDT,bid,2470,5168.308
2024-08-31 07:25:36,ETHUSDT,bid,2450,5159.896
2024-08-31 07:26:34,ETHUSDT,bid,2410,5125.877
2024-08-31 07:27:10,ETHUSDT,bid,2410,5125.897
2024-08-31 07:27:18,ETHUSDT,bid,2440,5086.015
2024-08-31 07:27:41,ETHUSDT,bid,2470,4111.718
2024-08-31 07:27:46,ETHUSDT,bid,2420,4458.446
2024-08-31 07:27:47,ETHUSDT,bid,2470,4108.718
2024-08-31 07:29:55,ETHUSDT,bid,2460,5078.631
2024-08-31 07:32:33,ETHUSDT,bid,2410,5127.469
2024-08-31 07:34:03,ETHUSDT,bid,2470,5168.145
2024-08-31 07:34:05,ETHUSDT,bid,2470,5171.145
2024-08-31 07:34:10,ETHUSDT,bid,2410,5125.897
2024-08-31 07:34:10,ETHUSDT,bid,2470,5168.145
2024-08-31 07:36:06,ETHUSDT,bid,2470,5165.594
2024-08-31 07:36:12,ETHUSDT,bid,2470,4111.718
2024-08-31 07:36:17,ETHUSDT,bid,2470,4108.718
2024-08-31 07:37:01,ETHUSDT,bid,2450,5159.849
2024-08-31 07:37:10,ETHUSDT,bid,2450,5160.251
2024-08-31 07:38:06,ETHUSDT,bid,2440,5085.853
2024-08-31 07:41:24,ETHUSDT,bid,2410,5124.12
2024-08-31 07:41:44,ETHUSDT,bid,2470,4130.944
2024-08-31 07:41:57,ETHUSDT,bid,2420,10130.954
2024-08-31 07:42:05,ETHUSDT,bid,2420,10130.944
2024-08-31 07:42:21,ETHUSDT,bid,2430,5174.113
2024-08-31 07:43:01,ETHUSDT,bid,2420,10130.954
2024-08-31 07:43:09,ETHUSDT,bid,2420,10130.944
2024-08-31 07:43:20,ETHUSDT,bid,2460,5078.617
2024-08-31 07:45:01,ETHUSDT,bid,2420,10130.974
2024-08-31 07:45:01,ETHUSDT,bid,2450,5160.28
2024-08-31 07:45:12,ETHUSDT,bid,2420,10130.949
2024-08-31 07:46:42,ETHUSDT,bid,2410,4264.906
2024-08-31 07:46:44,ETHUSDT,bid,2470,4108.718
2024-08-31 07:51:23,ETHUSDT,bid,2410,4162.963
2024-08-31 07:51:24,ETHUSDT,bid,2410,4265.105
2024-08-31 07:51:46,ETHUSDT,bid,2420,10130.792
2024-08-31 07:51:54,ETHUSDT,bid,2230,4489.897
2024-08-31 07:51:54,ETHUSDT,bid,2350,4510.483
2024-08-31 07:51:54,ETHUSDT,bid,2430,5174.131
2024-08-31 07:51:54,ETHUSDT,bid,2460,5078.634
2024-08-31 07:51:54,ETHUSDT,bid,2470,4108.735
2024-08-31 07:52:10,ETHUSDT,bid,2420,10130.802
2024-08-31 07:53:21,ETHUSDT,bid,2410,5124.111
2024-08-31 07:53:21,ETHUSDT,bid,2460,5078.625
2024-08-31 07:53:32,ETHUSDT,bid,2140,4745.038
2024-08-31 07:56:15,ETHUSDT,bid,2410,4162.963
2024-08-31 07:56:16,ETHUSDT,bid,2410,4265.298
2024-08-31 07:58:16,ETHUSDT,bid,2460,5079.547
2024-08-31 07:58:46,ETHUSDT,bid,2440,5087.882
2024-08-31 07:59:13,ETHUSDT,bid,2470,5165.594
2024-08-31 07:59:32,ETHUSDT,bid,2410,4265.333
2024-08-31 07:59:32,ETHUSDT,bid,2420,4458.481
2024-08-31 07:59:46,ETHUSDT,bid,2460,5080.547
2024-08-31 08:00:57,ETHUSDT,bid,2410,4162.998
2024-08-31 08:00:58,ETHUSDT,bid,2410,4265.523
2024-08-31 08:01:48,ETHUSDT,bid,2470,4124.901
2024-08-31 08:05:12,ETHUSDT,bid,2460,5110.956
2024-08-31 08:05:31,ETHUSDT,bid,2470,5165.635
2024-08-31 08:05:41,ETHUSDT,bid,2410,5124.141
2024-08-31 08:05:45,ETHUSDT,bid,2410,4162.998
2024-08-31 08:05:46,ETHUSDT,bid,2410,4265.701
2024-08-31 08:05:51,ETHUSDT,bid,2470,5165.993
2024-08-31 08:05:53,ETHUSDT,bid,2460,5111.004
2024-08-31 08:06:13,ETHUSDT,bid,2350,4502.547
2024-08-31 08:06:25,ETHUSDT,bid,2450,5160.324
2024-08-31 08:06:45,ETHUSDT,bid,2440,5087.93
2024-08-31 08:06:48,ETHUSDT,bid,2470,4108.735
2024-08-31 08:07:16,ETHUSDT,bid,2430,5174.177
2024-08-31 08:07:40,ETHUSDT,bid,2420,10130.842
2024-08-31 08:07:49,ETHUSDT,bid,2410,5119.141
2024-08-31 08:08:19,ETHUSDT,bid,2440,5088.13
2024-08-31 08:08:20,ETHUSDT,bid,2470,4118.1
2024-08-31 08:08:26,ETHUSDT,bid,2410,5119.186
2024-08-31 08:09:20,ETHUSDT,bid,2470,4108.735
2024-08-31 08:09:36,ETHUSDT,bid,2450,5161.079
2024-08-31 08:10:26,ETHUSDT,bid,2410,4162.998
2024-08-31 08:10:27,ETHUSDT,bid,2410,4265.898
2024-08-31 08:10:31,ETHUSDT,bid,2420,10130.813
2024-08-31 08:10:53,ETHUSDT,bid,2460,5080.595
2024-08-31 08:11:28,ETHUSDT,bid,2360,4294.606
2024-08-31 08:11:59,ETHUSDT,bid,2420,10130.823
2024-08-31 08:12:01,ETHUSDT,bid,2420,10131.853
2024-08-31 08:12:36,ETHUSDT,bid,2440,5113.13
2024-08-31 08:12:36,ETHUSDT,bid,2450,5161.092
2024-08-31 08:12:48,ETHUSDT,bid,2440,5113.146
2024-08-31 08:12:59,ETHUSDT,bid,2430,5174.195
2024-08-31 08:13:09,ETHUSDT,bid,2420,10131.886
2024-08-31 08:13:23,ETHUSDT,bid,2470,5165.635
2024-08-31 08:13:38,ETHUSDT,bid,2420,10130.856
2024-08-31 08:15:09,ETHUSDT,bid,2420,10130.866
2024-08-31 08:15:14,ETHUSDT,bid,2410,4266.728
2024-08-31 08:15:14,ETHUSDT,bid,2410,4163.828
2024-08-31 08:15:15,ETHUSDT,bid,2410,4266.924
2024-08-31 08:15:17,ETHUSDT,bid,2420,10130.856
2024-08-31 08:16:55,ETHUSDT,bid,2450,5161.997
2024-08-31 08:19:49,ETHUSDT,bid,2420,10130.866
