2024-08-27 08:23:23,BTCUSDT,bid,47000,873.424
2024-08-27 09:02:53,BTCUSDT,bid,47000,873.427
2024-08-27 10:32:02,BTCUSDT,bid,47000,873.627
2024-08-27 10:58:34,BTCUSDT,bid,47000,873.427
2024-08-27 10:58:44,BTCUSDT,bid,47000,873.527
2024-08-27 11:00:42,BTCUSDT,bid,47000,873.53
2024-08-27 11:02:32,BTCUSDT,bid,47000,873.527
2024-08-27 11:02:49,BTCUSDT,bid,47000,873.53
2024-08-27 11:09:24,BTCUSDT,bid,47000,873.527
2024-08-27 11:37:50,BTCUSDT,bid,47000,873.523
2024-08-27 13:46:42,BTCUSDT,bid,47000,873.519
2024-08-27 14:00:27,BTCUSDT,bid,47000,873.488
2024-08-27 14:50:35,BTCUSDT,bid,47000,873.572
2024-08-27 14:51:33,BTCUSDT,bid,47000,873.488
2024-08-27 14:52:15,BTCUSDT,bid,47000,873.491
2024-08-27 16:01:45,BTCUSDT,bid,47000,873.496
2024-08-27 16:11:58,BTCUSDT,bid,47000,873.506
2024-08-27 16:21:11,BTCUSDT,bid,47000,873.544
2024-08-27 16:34:00,BTCUSDT,bid,47000,873.541
2024-08-27 17:16:44,BTCUSDT,bid,47000,873.658
2024-08-27 18:02:44,BTCUSDT,bid,47000,873.705
2024-08-27 18:05:44,BTCUSDT,bid,47000,873.605
2024-08-27 18:19:33,BTCUSDT,bid,47000,873.621
2024-08-27 18:19:41,BTCUSDT,bid,47000,873.626
2024-08-27 18:29:04,BTCUSDT,bid,47000,874.126
2024-08-27 18:31:05,BTCUSDT,bid,47000,874.121
2024-08-27 19:38:49,BTCUSDT,bid,47000,875.921
2024-08-27 19:40:16,BTCUSDT,bid,47000,874.121
2024-08-27 19:44:05,BTCUSDT,bid,47000,874.218
2024-08-27 20:06:06,BTCUSDT,bid,47000,874.215
2024-08-27 20:26:52,BTCUSDT,bid,47300,801.69
2024-08-27 20:27:00,BTCUSDT,bid,47000,874.221
2024-08-27 20:49:00,BTCUSDT,bid,47000,872.407
2024-08-27 20:51:14,BTCUSDT,bid,47000,873.341
2024-08-27 20:51:53,BTCUSDT,bid,47000,872.407
2024-08-27 20:54:35,BTCUSDT,bid,47000,874.48
2024-08-27 21:26:08,BTCUSDT,bid,47000,874.518
2024-08-27 21:28:27,BTCUSDT,bid,47000,874.497
2024-08-27 21:35:55,BTCUSDT,bid,47000,874.297
2024-08-27 21:53:55,BTCUSDT,bid,47000,874.303
2024-08-27 22:24:46,BTCUSDT,bid,47000,874.734
2024-08-27 22:30:46,BTCUSDT,bid,47000,874.704
2024-08-27 22:57:02,BTCUSDT,bid,47000,874.929
2024-08-27 22:59:26,BTCUSDT,bid,47000,874.927
2024-08-27 23:03:38,BTCUSDT,bid,47000,874.702
2024-08-27 23:12:54,BTCUSDT,bid,47000,874.692
2024-08-27 23:16:31,BTCUSDT,bid,47000,874.757
2024-08-27 23:29:55,BTCUSDT,bid,47000,874.66
2024-08-27 11:57:54,BTCUSD_PERP,ask,68000,559.55
2024-08-27 11:57:55,BTCUSD_PERP,ask,68000,558.8
2024-08-27 12:30:18,BTCUSD_PERP,ask,68000,558.81
2024-08-27 12:45:30,BTCUSD_PERP,ask,63800,479.36
2024-08-27 12:56:31,BTCUSD_PERP,ask,63800,479.76
2024-08-27 13:01:23,BTCUSD_PERP,ask,63700,475.33
2024-08-27 13:16:09,BTCUSD_PERP,ask,68000,558.89
2024-08-27 13:23:30,BTCUSD_PERP,ask,63700,521.6
2024-08-27 13:23:31,BTCUSD_PERP,ask,63700,542.61
2024-08-27 13:23:34,BTCUSD_PERP,ask,63700,563.62
2024-08-27 13:23:42,BTCUSD_PERP,ask,63700,573.8
2024-08-27 13:23:46,BTCUSD_PERP,ask,63700,583.98
2024-08-27 13:23:47,BTCUSD_PERP,ask,63700,594.16
2024-08-27 13:23:49,BTCUSD_PERP,ask,63700,600.52
2024-08-27 13:23:50,BTCUSD_PERP,ask,63700,606.88
2024-08-27 13:23:52,BTCUSD_PERP,ask,63700,617.06
2024-08-27 13:23:56,BTCUSD_PERP,ask,63700,623.42
2024-08-27 13:24:00,BTCUSD_PERP,ask,63700,633.6
2024-08-27 13:24:02,BTCUSD_PERP,ask,63700,639.96
2024-08-27 13:24:03,BTCUSD_PERP,ask,63700,629.78
2024-08-27 13:24:03,BTCUSD_PERP,ask,63700,639.96
2024-08-27 13:24:06,BTCUSD_PERP,ask,63700,633.6
2024-08-27 13:24:06,BTCUSD_PERP,ask,63700,639.96
2024-08-27 13:24:08,BTCUSD_PERP,ask,63700,660.97
2024-08-27 13:24:12,BTCUSD_PERP,ask,63700,650.79
2024-08-27 13:24:14,BTCUSD_PERP,ask,63700,640.61
2024-08-27 13:24:16,BTCUSD_PERP,ask,63700,630.74
2024-08-27 13:24:16,BTCUSD_PERP,ask,63700,620.56
2024-08-27 13:24:30,BTCUSD_PERP,ask,63700,610.38
2024-08-27 13:24:42,BTCUSD_PERP,ask,63700,600.2
2024-08-27 13:24:46,BTCUSD_PERP,ask,63700,590.02
2024-08-27 13:24:48,BTCUSD_PERP,ask,63700,579.84
2024-08-27 13:24:50,BTCUSD_PERP,ask,63700,573.48
2024-08-27 13:24:52,BTCUSD_PERP,ask,63700,563.3
2024-08-27 13:24:53,BTCUSD_PERP,ask,63700,556.94
2024-08-27 13:24:56,BTCUSD_PERP,ask,63700,550.58
2024-08-27 13:25:00,BTCUSD_PERP,ask,63700,540.4
2024-08-27 13:25:02,BTCUSD_PERP,ask,63700,534.04
2024-08-27 13:25:04,BTCUSD_PERP,ask,63700,523.86
2024-08-27 13:25:07,BTCUSD_PERP,ask,63700,517.5
2024-08-27 13:25:13,BTCUSD_PERP,ask,63700,496.49
2024-08-27 13:25:14,BTCUSD_PERP,ask,63700,475.48
2024-08-27 13:25:27,BTCUSD_PERP,ask,63700,475.48
2024-08-27 13:25:34,BTCUSD_PERP,ask,63700,475.48
2024-08-27 13:25:34,BTCUSD_PERP,ask,63700,485.66
2024-08-27 13:26:18,BTCUSD_PERP,ask,63700,471.61
2024-08-27 13:26:26,BTCUSD_PERP,ask,63700,477.97
2024-08-27 13:26:36,BTCUSD_PERP,ask,63700,488.15
2024-08-27 13:26:38,BTCUSD_PERP,ask,63700,494.51
2024-08-27 13:27:16,BTCUSD_PERP,ask,63700,484.33
2024-08-27 13:27:17,BTCUSD_PERP,ask,63700,474.47
2024-08-27 13:28:40,BTCUSD_PERP,ask,63600,472.33
2024-08-27 13:31:07,BTCUSD_PERP,ask,63600,491.18
2024-08-27 13:34:45,BTCUSD_PERP,ask,63500,491.7
2024-08-27 13:34:45,BTCUSD_PERP,ask,63500,554.6
2024-08-27 13:34:50,BTCUSD_PERP,ask,63500,554.51
2024-08-27 13:35:06,BTCUSD_PERP,ask,63500,533.75
2024-08-27 13:35:08,BTCUSD_PERP,ask,63500,527.46
2024-08-27 14:43:49,BTCUSD_PERP,ask,63500,476.93
2024-08-27 14:44:13,BTCUSD_PERP,ask,63500,483.27
2024-08-27 14:44:15,BTCUSD_PERP,ask,63500,504.21
2024-08-27 14:44:17,BTCUSD_PERP,ask,63500,514.36
2024-08-27 14:44:19,BTCUSD_PERP,ask,63500,524.51
2024-08-27 14:44:19,BTCUSD_PERP,ask,63500,530.85
2024-08-27 14:44:21,BTCUSD_PERP,ask,63500,541.0
2024-08-27 14:44:24,BTCUSD_PERP,ask,63500,547.34
2024-08-27 14:44:41,BTCUSD_PERP,ask,63500,537.51
2024-08-27 14:44:43,BTCUSD_PERP,ask,63500,527.36
2024-08-27 14:45:14,BTCUSD_PERP,ask,63500,521.02
2024-08-27 14:45:17,BTCUSD_PERP,ask,63500,510.87
2024-08-27 14:45:19,BTCUSD_PERP,ask,63500,500.4
2024-08-27 14:45:19,BTCUSD_PERP,ask,63500,490.25
2024-08-27 14:45:19,BTCUSD_PERP,ask,63500,483.91
2024-08-27 14:45:21,BTCUSD_PERP,ask,63500,477.57
2024-08-27 14:52:38,BTCUSD_PERP,ask,63500,477.79
2024-08-27 14:52:38,BTCUSD_PERP,ask,63500,487.94
2024-08-27 14:52:41,BTCUSD_PERP,ask,63500,498.09
2024-08-27 14:52:42,BTCUSD_PERP,ask,63500,519.04
2024-08-27 14:52:47,BTCUSD_PERP,ask,63500,528.88
2024-08-27 14:52:49,BTCUSD_PERP,ask,63500,539.03
2024-08-27 14:53:37,BTCUSD_PERP,ask,63500,528.88
2024-08-27 14:53:38,BTCUSD_PERP,ask,63500,518.73
2024-08-27 14:53:41,BTCUSD_PERP,ask,63500,508.58
2024-08-27 14:53:47,BTCUSD_PERP,ask,63500,498.74
2024-08-27 14:53:49,BTCUSD_PERP,ask,63500,488.59
2024-08-27 14:54:14,BTCUSD_PERP,ask,63500,482.25
2024-08-27 15:23:31,BTCUSD_PERP,ask,68000,557.51
2024-08-27 15:25:23,BTCUSD_PERP,bid,59000,538.72
2024-08-27 16:07:56,BTCUSD_PERP,ask,68000,550.71
2024-08-27 16:36:49,BTCUSD_PERP,bid,42000,1061.88
2024-08-27 16:38:38,BTCUSD_PERP,ask,63400,482.28
2024-08-27 16:38:38,BTCUSD_PERP,ask,63400,475.94
2024-08-27 16:38:39,BTCUSD_PERP,ask,63400,482.28
2024-08-27 16:38:40,BTCUSD_PERP,ask,63400,488.62
2024-08-27 16:38:52,BTCUSD_PERP,ask,63400,494.96
2024-08-27 16:38:58,BTCUSD_PERP,ask,63400,515.89
2024-08-27 16:39:14,BTCUSD_PERP,ask,63400,505.75
2024-08-27 16:39:18,BTCUSD_PERP,ask,63400,495.61
2024-08-27 16:39:20,BTCUSD_PERP,ask,63400,485.47
2024-08-27 16:39:20,BTCUSD_PERP,ask,63400,475.33
2024-08-27 17:25:21,BTCUSD_PERP,ask,68000,549.14
2024-08-27 17:33:44,BTCUSD_PERP,ask,63000,477.43
2024-08-27 17:33:44,BTCUSD_PERP,ask,63000,487.5
2024-08-27 17:33:45,BTCUSD_PERP,ask,63000,497.57
2024-08-27 17:33:45,BTCUSD_PERP,ask,63000,507.64
2024-08-27 17:33:46,BTCUSD_PERP,ask,63000,517.39
2024-08-27 17:34:40,BTCUSD_PERP,ask,63000,527.46
2024-08-27 17:34:41,BTCUSD_PERP,ask,63000,537.52
2024-08-27 17:34:41,BTCUSD_PERP,ask,63000,527.45
2024-08-27 17:34:42,BTCUSD_PERP,ask,63000,537.52
2024-08-27 17:34:42,BTCUSD_PERP,ask,63000,547.59
2024-08-27 17:34:43,BTCUSD_PERP,ask,63000,537.52
2024-08-27 17:34:43,BTCUSD_PERP,ask,63000,547.59
2024-08-27 17:34:44,BTCUSD_PERP,ask,63000,537.52
2024-08-27 17:34:45,BTCUSD_PERP,ask,63000,547.59
2024-08-27 17:34:45,BTCUSD_PERP,ask,63000,537.52
2024-08-27 17:34:46,BTCUSD_PERP,ask,63000,527.45
2024-08-27 17:34:47,BTCUSD_PERP,ask,63000,517.7
2024-08-27 17:34:55,BTCUSD_PERP,ask,63000,497.11
2024-08-27 17:39:35,BTCUSD_PERP,bid,59000,540.19
2024-08-27 17:39:53,BTCUSD_PERP,bid,44000,1127.1
2024-08-27 17:44:47,BTCUSD_PERP,bid,59000,2040.39
2024-08-27 17:47:46,BTCUSD_PERP,bid,44000,1127.09
2024-08-27 17:51:21,BTCUSD_PERP,bid,59000,2040.59
2024-08-27 17:52:16,BTCUSD_PERP,bid,59000,2040.39
2024-08-27 17:55:52,BTCUSD_PERP,bid,47000,2441.54
2024-08-27 17:57:02,BTCUSD_PERP,bid,59600,2026.69
2024-08-27 18:23:37,BTCUSD_PERP,bid,59600,2020.73
2024-08-27 18:34:52,BTCUSD_PERP,bid,42000,1061.87
2024-08-27 18:34:52,BTCUSD_PERP,bid,44000,1127.08
2024-08-27 18:34:52,BTCUSD_PERP,ask,68000,549.13
2024-08-27 18:36:56,BTCUSD_PERP,bid,42000,1061.88
2024-08-27 18:36:56,BTCUSD_PERP,bid,44000,1127.09
2024-08-27 18:36:56,BTCUSD_PERP,ask,68000,549.14
2024-08-27 19:04:58,BTCUSD_PERP,ask,63100,529.88
2024-08-27 19:05:15,BTCUSD_PERP,ask,63100,509.07
2024-08-27 19:05:18,BTCUSD_PERP,ask,63100,488.27
2024-08-27 19:14:19,BTCUSD_PERP,ask,63000,483.65
2024-08-27 19:14:20,BTCUSD_PERP,ask,63000,493.41
2024-08-27 19:14:20,BTCUSD_PERP,ask,63000,503.49
2024-08-27 19:14:21,BTCUSD_PERP,ask,63000,509.78
2024-08-27 19:15:17,BTCUSD_PERP,ask,63000,499.7
2024-08-27 19:15:18,BTCUSD_PERP,ask,63000,489.62
2024-08-27 19:15:18,BTCUSD_PERP,ask,63000,479.54
2024-08-27 19:41:24,BTCUSD_PERP,ask,63000,479.92
2024-08-27 20:13:34,BTCUSD_PERP,ask,63000,479.83
2024-08-27 20:19:19,BTCUSD_PERP,bid,47000,2441.52
2024-08-27 20:26:45,BTCUSD_PERP,ask,68000,549.08
2024-08-27 21:07:31,BTCUSD_PERP,bid,61400,495.95
2024-08-27 21:07:31,BTCUSD_PERP,bid,61400,556.19
2024-08-27 21:07:31,BTCUSD_PERP,bid,61400,616.43
2024-08-27 21:07:31,BTCUSD_PERP,bid,61400,676.68
2024-08-27 21:07:42,BTCUSD_PERP,bid,61400,554.95
2024-08-27 21:07:42,BTCUSD_PERP,bid,61400,675.93
2024-08-27 21:07:42,BTCUSD_PERP,bid,61400,736.73
2024-08-27 21:07:44,BTCUSD_PERP,bid,61400,675.93
2024-08-27 21:07:45,BTCUSD_PERP,bid,61400,554.33
2024-08-27 21:07:45,BTCUSD_PERP,bid,61400,494.15
2024-08-27 21:07:46,BTCUSD_PERP,bid,61400,544.93
2024-08-27 21:07:47,BTCUSD_PERP,bid,61400,605.76
2024-08-27 21:07:47,BTCUSD_PERP,ask,68000,549.02
2024-08-27 21:07:52,BTCUSD_PERP,bid,61400,531.23
2024-08-27 21:08:30,BTCUSD_PERP,ask,68000,549.82
2024-08-27 21:08:38,BTCUSD_PERP,bid,61400,727.14
2024-08-27 21:08:38,BTCUSD_PERP,bid,61400,788.0
2024-08-27 21:08:38,BTCUSD_PERP,bid,61400,848.86
2024-08-27 21:08:41,BTCUSD_PERP,bid,61400,787.59
2024-08-27 21:08:41,BTCUSD_PERP,bid,61400,848.42
2024-08-27 21:09:37,BTCUSD_PERP,bid,61300,495.39
2024-08-27 21:09:45,BTCUSD_PERP,bid,61400,545.51
2024-08-27 21:09:45,BTCUSD_PERP,bid,61400,606.34
2024-08-27 21:10:08,BTCUSD_PERP,bid,61300,545.14
2024-08-27 21:10:08,BTCUSD_PERP,bid,61300,666.07
2024-08-27 21:10:08,BTCUSD_PERP,bid,61300,726.85
2024-08-27 21:10:09,BTCUSD_PERP,bid,61300,666.7
2024-08-27 21:10:09,BTCUSD_PERP,bid,61400,544.89
2024-08-27 21:10:37,BTCUSD_PERP,bid,61400,545.97
2024-08-27 21:10:42,BTCUSD_PERP,bid,61400,545.67
2024-08-27 21:10:43,BTCUSD_PERP,bid,61400,547.87
2024-08-27 21:12:28,BTCUSD_PERP,bid,61300,544.44
2024-08-27 21:13:29,BTCUSD_PERP,bid,61300,543.73
2024-08-27 21:13:51,BTCUSD_PERP,bid,61200,543.42
2024-08-27 21:13:51,BTCUSD_PERP,bid,61200,604.09
2024-08-27 21:14:34,BTCUSD_PERP,bid,61200,543.42
2024-08-27 21:14:52,BTCUSD_PERP,bid,61300,605.08
2024-08-27 21:15:17,BTCUSD_PERP,bid,61300,544.32
2024-08-27 21:15:18,BTCUSD_PERP,bid,61300,541.11
2024-08-27 21:15:18,BTCUSD_PERP,bid,61400,545.86
2024-08-27 21:15:18,BTCUSD_PERP,bid,61400,666.84
2024-08-27 21:15:22,BTCUSD_PERP,bid,61400,606.04
2024-08-27 21:15:22,BTCUSD_PERP,bid,61400,545.24
2024-08-27 21:15:55,BTCUSD_PERP,bid,61300,725.66
2024-08-27 21:15:55,BTCUSD_PERP,bid,61300,786.39
2024-08-27 21:15:56,BTCUSD_PERP,bid,61300,847.12
2024-08-27 21:16:02,BTCUSD_PERP,bid,61300,725.66
2024-08-27 21:16:03,BTCUSD_PERP,bid,61300,664.93
2024-08-27 21:16:03,BTCUSD_PERP,bid,61300,603.87
2024-08-27 21:16:03,BTCUSD_PERP,bid,61300,664.57
2024-08-27 21:16:07,BTCUSD_PERP,bid,61200,785.48
2024-08-27 21:16:07,BTCUSD_PERP,bid,61200,846.14
2024-08-27 21:16:10,BTCUSD_PERP,bid,61200,725.44
2024-08-27 21:16:11,BTCUSD_PERP,bid,61200,604.74
2024-08-27 21:16:11,BTCUSD_PERP,bid,61200,544.08
2024-08-27 21:17:03,BTCUSD_PERP,ask,62500,516.37
2024-08-27 21:17:03,BTCUSD_PERP,ask,62500,541.13
2024-08-27 21:17:03,BTCUSD_PERP,ask,62500,550.41
2024-08-27 21:17:04,BTCUSD_PERP,ask,62500,559.78
2024-08-27 21:17:14,BTCUSD_PERP,ask,62500,525.74
2024-08-27 21:18:26,BTCUSD_PERP,bid,61400,493.69
2024-08-27 21:18:26,BTCUSD_PERP,bid,61400,554.51
2024-08-27 21:18:37,BTCUSD_PERP,bid,61400,494.31
2024-08-27 21:18:39,BTCUSD_PERP,bid,61400,501.24
2024-08-27 21:20:23,BTCUSD_PERP,bid,61200,666.77
2024-08-27 21:20:23,BTCUSD_PERP,bid,61200,909.37
2024-08-27 21:20:23,BTCUSD_PERP,bid,61200,970.02
2024-08-27 21:20:24,BTCUSD_PERP,bid,61200,909.37
2024-08-27 21:20:30,BTCUSD_PERP,bid,61300,664.94
2024-08-27 21:20:30,BTCUSD_PERP,bid,61300,786.42
2024-08-27 21:20:31,BTCUSD_PERP,bid,61300,907.9
2024-08-27 21:20:31,BTCUSD_PERP,bid,61200,545.0
2024-08-27 21:20:31,BTCUSD_PERP,bid,61300,968.02
2024-08-27 21:20:31,BTCUSD_PERP,bid,61200,590.51
2024-08-27 21:20:42,BTCUSD_PERP,bid,61200,530.44
2024-08-27 21:20:42,BTCUSD_PERP,bid,61300,544.08
2024-08-27 21:20:42,BTCUSD_PERP,bid,61200,529.6
2024-08-27 21:20:42,BTCUSD_PERP,bid,61300,846.7
2024-08-27 21:20:42,BTCUSD_PERP,bid,61200,590.2
2024-08-27 21:20:42,BTCUSD_PERP,bid,61300,907.41
2024-08-27 21:20:44,BTCUSD_PERP,bid,61300,846.7
2024-08-27 21:20:44,BTCUSD_PERP,bid,61300,785.99
2024-08-27 21:20:44,BTCUSD_PERP,bid,61200,530.16
2024-08-27 21:20:44,BTCUSD_PERP,bid,61300,725.28
2024-08-27 21:20:44,BTCUSD_PERP,bid,61300,665.2
2024-08-27 21:20:44,BTCUSD_PERP,bid,61300,604.49
2024-08-27 21:20:45,BTCUSD_PERP,bid,61300,544.83
2024-08-27 21:20:45,BTCUSD_PERP,bid,61300,604.95
2024-08-27 21:20:45,BTCUSD_PERP,bid,61200,529.87
2024-08-27 21:20:45,BTCUSD_PERP,bid,61300,725.8
2024-08-27 21:20:45,BTCUSD_PERP,bid,61200,590.51
2024-08-27 21:20:45,BTCUSD_PERP,bid,61300,786.53
2024-08-27 21:20:45,BTCUSD_PERP,bid,61300,846.65
2024-08-27 21:20:46,BTCUSD_PERP,bid,61300,907.38
2024-08-27 21:20:59,BTCUSD_PERP,bid,61300,847.26
2024-08-27 21:20:59,BTCUSD_PERP,bid,61300,787.14
2024-08-27 21:20:59,BTCUSD_PERP,bid,61200,545.0
2024-08-27 21:20:59,BTCUSD_PERP,bid,61300,726.41
2024-08-27 21:20:59,BTCUSD_PERP,bid,61300,665.68
2024-08-27 21:21:00,BTCUSD_PERP,bid,61300,544.83
2024-08-27 21:21:04,BTCUSD_PERP,bid,61300,544.4
2024-08-27 21:21:18,BTCUSD_PERP,bid,61300,545.51
2024-08-27 21:21:19,BTCUSD_PERP,bid,61300,606.26
2024-08-27 21:21:26,BTCUSD_PERP,bid,61300,667.01
2024-08-27 21:22:20,BTCUSD_PERP,bid,61300,606.26
2024-08-27 21:22:51,BTCUSD_PERP,bid,61300,543.65
2024-08-27 21:22:51,BTCUSD_PERP,bid,61300,604.33
2024-08-27 21:22:51,BTCUSD_PERP,bid,61300,665.01
2024-08-27 21:22:51,BTCUSD_PERP,bid,61300,725.07
2024-08-27 21:22:52,BTCUSD_PERP,bid,61300,727.27
2024-08-27 21:23:14,BTCUSD_PERP,bid,61300,667.21
2024-08-27 21:23:14,BTCUSD_PERP,bid,61300,607.15
2024-08-27 21:23:14,BTCUSD_PERP,bid,61300,546.47
2024-08-27 21:23:16,BTCUSD_PERP,bid,61300,544.07
2024-08-27 21:23:16,BTCUSD_PERP,bid,61300,604.8
2024-08-27 21:23:16,BTCUSD_PERP,bid,61300,665.53
2024-08-27 21:23:46,BTCUSD_PERP,bid,61300,605.42
2024-08-27 21:23:47,BTCUSD_PERP,bid,61300,544.69
2024-08-27 21:23:48,BTCUSD_PERP,bid,61300,676.73
2024-08-27 21:24:00,BTCUSD_PERP,bid,61300,615.97
2024-08-27 21:24:03,BTCUSD_PERP,bid,61300,495.07
2024-08-27 21:24:10,BTCUSD_PERP,bid,61400,606.62
2024-08-27 21:24:10,BTCUSD_PERP,bid,61400,666.85
2024-08-27 21:24:19,BTCUSD_PERP,bid,42000,1061.87
2024-08-27 21:24:19,BTCUSD_PERP,bid,44000,1127.08
2024-08-27 21:24:19,BTCUSD_PERP,bid,47000,2441.51
2024-08-27 21:24:57,BTCUSD_PERP,bid,61400,606.0
2024-08-27 21:24:58,BTCUSD_PERP,bid,61400,545.51
2024-08-27 21:26:59,BTCUSD_PERP,ask,68000,551.82
2024-08-27 21:27:13,BTCUSD_PERP,bid,44000,1127.22
2024-08-27 21:29:10,BTCUSD_PERP,bid,47000,2441.5
2024-08-27 21:34:58,BTCUSD_PERP,bid,61400,545.97
2024-08-27 21:36:16,BTCUSD_PERP,bid,61400,544.72
2024-08-27 21:36:52,BTCUSD_PERP,bid,61400,545.69
2024-08-27 21:36:52,BTCUSD_PERP,bid,61400,605.9
2024-08-27 21:37:41,BTCUSD_PERP,bid,61400,545.06
2024-08-27 21:37:42,BTCUSD_PERP,bid,61400,544.12
2024-08-27 21:37:42,BTCUSD_PERP,bid,61400,604.92
2024-08-27 21:37:42,BTCUSD_PERP,bid,61400,665.72
2024-08-27 21:38:21,BTCUSD_PERP,bid,61400,667.28
2024-08-27 21:38:38,BTCUSD_PERP,bid,61400,607.1
2024-08-27 21:38:39,BTCUSD_PERP,bid,61400,787.42
2024-08-27 21:38:39,BTCUSD_PERP,bid,61400,848.26
2024-08-27 21:38:43,BTCUSD_PERP,bid,61400,848.31
2024-08-27 21:38:44,BTCUSD_PERP,bid,61400,787.47
2024-08-27 21:38:44,BTCUSD_PERP,bid,61400,726.63
2024-08-27 21:38:44,BTCUSD_PERP,bid,61400,665.79
2024-08-27 21:38:44,BTCUSD_PERP,bid,61400,604.95
2024-08-27 21:38:45,BTCUSD_PERP,bid,61400,544.11
2024-08-27 21:38:46,BTCUSD_PERP,bid,61400,544.9
2024-08-27 21:38:46,BTCUSD_PERP,bid,61400,605.15
2024-08-27 21:44:14,BTCUSD_PERP,bid,47000,2441.27
2024-08-27 21:48:25,BTCUSD_PERP,bid,61400,667.49
2024-08-27 21:48:26,BTCUSD_PERP,bid,61400,728.35
2024-08-27 21:50:13,BTCUSD_PERP,bid,61400,727.26
2024-08-27 21:50:13,BTCUSD_PERP,bid,61400,969.3
2024-08-27 21:50:14,BTCUSD_PERP,bid,61400,1030.12
2024-08-27 21:50:20,BTCUSD_PERP,bid,61400,918.12
2024-08-27 21:50:20,BTCUSD_PERP,bid,61400,978.9
2024-08-27 21:51:04,BTCUSD_PERP,bid,61400,918.12
2024-08-27 21:51:04,BTCUSD_PERP,bid,61400,857.34
2024-08-27 21:51:04,BTCUSD_PERP,bid,61400,736.4
2024-08-27 21:51:04,BTCUSD_PERP,bid,61400,676.24
2024-08-27 21:51:05,BTCUSD_PERP,bid,61400,615.46
2024-08-27 21:51:05,BTCUSD_PERP,bid,61400,554.68
2024-08-27 21:51:05,BTCUSD_PERP,bid,61400,494.51
2024-08-27 21:51:54,BTCUSD_PERP,bid,61300,544.34
2024-08-27 21:53:50,BTCUSD_PERP,bid,61300,604.98
2024-08-27 21:55:22,BTCUSD_PERP,bid,61400,545.18
2024-08-27 21:55:22,BTCUSD_PERP,bid,61400,605.34
2024-08-27 21:57:41,BTCUSD_PERP,bid,61300,544.28
2024-08-27 22:01:24,BTCUSD_PERP,bid,61200,663.51
2024-08-27 22:01:24,BTCUSD_PERP,bid,61200,724.12
2024-08-27 22:01:30,BTCUSD_PERP,bid,61200,663.51
2024-08-27 22:01:30,BTCUSD_PERP,bid,61200,603.52
2024-08-27 22:01:31,BTCUSD_PERP,bid,61200,542.91
2024-08-27 22:01:46,BTCUSD_PERP,bid,61200,542.22
2024-08-27 22:01:46,BTCUSD_PERP,bid,61200,784.0
2024-08-27 22:02:23,BTCUSD_PERP,bid,61200,724.01
2024-08-27 22:02:24,BTCUSD_PERP,bid,61200,664.02
2024-08-27 22:02:24,BTCUSD_PERP,bid,61200,603.42
2024-08-27 22:03:04,BTCUSD_PERP,ask,71000,1535.09
2024-08-27 22:03:17,BTCUSD_PERP,bid,61100,602.57
2024-08-27 22:03:17,BTCUSD_PERP,bid,61100,722.98
2024-08-27 22:03:17,BTCUSD_PERP,bid,61100,783.55
2024-08-27 22:05:23,BTCUSD_PERP,bid,61100,724.35
2024-08-27 22:05:23,BTCUSD_PERP,bid,61100,784.3
2024-08-27 22:05:23,BTCUSD_PERP,bid,61100,844.88
2024-08-27 22:05:27,BTCUSD_PERP,bid,61100,724.34
2024-08-27 22:05:27,BTCUSD_PERP,bid,61100,663.76
2024-08-27 22:05:27,BTCUSD_PERP,bid,61100,542.6
2024-08-27 22:05:27,BTCUSD_PERP,bid,61200,493.95
2024-08-27 22:05:27,BTCUSD_PERP,bid,61200,613.95
2024-08-27 22:05:27,BTCUSD_PERP,bid,61200,855.71
2024-08-27 22:05:29,BTCUSD_PERP,bid,61200,674.57
2024-08-27 22:05:31,BTCUSD_PERP,bid,61200,613.95
2024-08-27 22:05:31,BTCUSD_PERP,bid,61200,604.12
2024-08-27 22:05:32,BTCUSD_PERP,bid,61200,664.78
2024-08-27 22:05:52,BTCUSD_PERP,bid,61200,603.73
2024-08-27 22:05:52,BTCUSD_PERP,bid,61200,664.35
2024-08-27 22:06:00,BTCUSD_PERP,bid,61200,543.11
2024-08-27 22:06:11,BTCUSD_PERP,bid,61300,545.19
2024-08-27 22:06:33,BTCUSD_PERP,bid,61300,543.59
2024-08-27 22:06:33,BTCUSD_PERP,bid,61300,604.27
2024-08-27 22:06:41,BTCUSD_PERP,bid,61300,544.2
2024-08-27 22:06:44,BTCUSD_PERP,bid,61300,544.69
2024-08-27 22:07:44,BTCUSD_PERP,bid,61300,606.06
2024-08-27 22:07:44,BTCUSD_PERP,bid,61300,726.92
2024-08-27 22:07:44,BTCUSD_PERP,bid,61300,787.66
2024-08-27 22:08:15,BTCUSD_PERP,bid,61300,544.54
2024-08-27 22:08:15,BTCUSD_PERP,bid,61300,605.25
2024-08-27 22:08:40,BTCUSD_PERP,bid,61300,544.54
2024-08-27 22:10:22,BTCUSD_PERP,bid,61400,544.14
2024-08-27 22:10:22,BTCUSD_PERP,bid,61400,604.95
2024-08-27 22:10:23,BTCUSD_PERP,bid,61400,725.94
2024-08-27 22:10:23,BTCUSD_PERP,bid,61400,786.12
2024-08-27 22:10:23,BTCUSD_PERP,bid,61400,846.83
2024-08-27 22:10:26,BTCUSD_PERP,bid,61400,848.11
2024-08-27 22:14:06,BTCUSD_PERP,bid,61300,544.36
2024-08-27 22:16:25,BTCUSD_PERP,bid,61300,544.09
2024-08-27 22:16:26,BTCUSD_PERP,bid,61300,604.82
2024-08-27 22:21:30,BTCUSD_PERP,bid,61200,541.96
2024-08-27 22:21:30,BTCUSD_PERP,bid,61200,602.59
2024-08-27 22:23:42,BTCUSD_PERP,bid,61200,602.9
2024-08-27 22:23:43,BTCUSD_PERP,bid,61200,663.5
2024-08-27 22:23:43,BTCUSD_PERP,bid,61200,724.1
2024-08-27 22:24:24,BTCUSD_PERP,bid,61200,663.5
2024-08-27 22:24:24,BTCUSD_PERP,bid,61200,603.82
2024-08-27 22:24:25,BTCUSD_PERP,bid,61200,724.47
2024-08-27 22:24:25,BTCUSD_PERP,bid,61200,784.48
2024-08-27 22:24:25,BTCUSD_PERP,bid,61200,845.11
2024-08-27 22:24:25,BTCUSD_PERP,bid,61200,905.74
2024-08-27 22:24:43,BTCUSD_PERP,bid,61200,845.11
2024-08-27 22:24:43,BTCUSD_PERP,bid,61200,844.08
2024-08-27 22:24:43,BTCUSD_PERP,bid,61200,965.28
2024-08-27 22:25:46,BTCUSD_PERP,bid,61100,603.84
2024-08-27 22:25:46,BTCUSD_PERP,bid,61100,723.75
2024-08-27 22:25:46,BTCUSD_PERP,bid,61100,784.32
2024-08-27 22:26:15,BTCUSD_PERP,bid,61100,724.37
2024-08-27 22:26:15,BTCUSD_PERP,bid,61100,664.42
2024-08-27 22:26:15,BTCUSD_PERP,bid,61100,603.85
2024-08-27 22:26:16,BTCUSD_PERP,bid,61200,543.01
2024-08-27 22:26:16,BTCUSD_PERP,bid,61200,664.23
2024-08-27 22:26:16,BTCUSD_PERP,bid,61200,724.22
2024-08-27 22:26:16,BTCUSD_PERP,bid,61200,784.21
2024-08-27 22:26:16,BTCUSD_PERP,bid,61200,844.82
2024-08-27 22:27:56,BTCUSD_PERP,bid,61200,784.21
2024-08-27 22:27:57,BTCUSD_PERP,bid,61200,723.6
2024-08-27 22:27:57,BTCUSD_PERP,bid,61100,662.57
2024-08-27 22:27:57,BTCUSD_PERP,bid,61100,783.71
2024-08-27 22:28:23,BTCUSD_PERP,bid,61100,663.19
2024-08-27 22:28:24,BTCUSD_PERP,bid,61100,603.23
2024-08-27 22:28:24,BTCUSD_PERP,bid,61200,543.02
2024-08-27 22:28:25,BTCUSD_PERP,bid,61200,603.63
2024-08-27 22:28:50,BTCUSD_PERP,bid,61200,543.34
2024-08-27 22:28:50,BTCUSD_PERP,bid,61200,603.99
2024-08-27 22:34:12,BTCUSD_PERP,bid,61000,540.87
2024-08-27 22:36:16,BTCUSD_PERP,bid,60900,539.78
2024-08-27 22:36:49,BTCUSD_PERP,bid,60900,542.09
2024-08-27 22:36:49,BTCUSD_PERP,bid,60900,601.86
2024-08-27 22:37:01,BTCUSD_PERP,bid,60900,541.48
2024-08-27 22:37:48,BTCUSD_PERP,bid,61100,672.98
2024-08-27 22:37:49,BTCUSD_PERP,bid,61100,733.47
2024-08-27 22:37:49,BTCUSD_PERP,bid,61100,793.34
2024-08-27 22:37:49,BTCUSD_PERP,bid,61100,914.32
2024-08-27 22:37:49,BTCUSD_PERP,bid,61000,502.79
2024-08-27 22:37:49,BTCUSD_PERP,bid,61100,974.19
2024-08-27 22:38:28,BTCUSD_PERP,bid,61100,914.32
2024-08-27 22:38:28,BTCUSD_PERP,bid,61100,853.83
2024-08-27 22:38:28,BTCUSD_PERP,bid,61100,793.44
2024-08-27 22:38:29,BTCUSD_PERP,bid,61100,673.08
2024-08-27 22:38:29,BTCUSD_PERP,bid,61100,553.34
2024-08-27 22:38:29,BTCUSD_PERP,bid,61100,492.85
2024-08-27 22:40:11,BTCUSD_PERP,bid,61000,663.71
2024-08-27 22:40:11,BTCUSD_PERP,bid,61000,542.88
2024-08-27 22:40:11,BTCUSD_PERP,bid,61000,724.16
2024-08-27 22:40:16,BTCUSD_PERP,bid,61000,663.71
2024-08-27 22:40:16,BTCUSD_PERP,bid,61000,603.26
2024-08-27 22:40:16,BTCUSD_PERP,bid,61000,542.81
2024-08-27 22:40:21,BTCUSD_PERP,bid,61000,542.81
2024-08-27 22:40:21,BTCUSD_PERP,bid,61000,603.26
2024-08-27 22:41:36,BTCUSD_PERP,bid,61000,663.94
2024-08-27 22:41:36,BTCUSD_PERP,bid,61000,724.42
2024-08-27 22:41:36,BTCUSD_PERP,bid,61000,542.66
2024-08-27 22:41:36,BTCUSD_PERP,bid,61000,784.9
2024-08-27 22:42:20,BTCUSD_PERP,bid,61000,724.42
2024-08-27 22:42:20,BTCUSD_PERP,bid,61000,663.94
2024-08-27 22:42:20,BTCUSD_PERP,bid,61000,543.6
2024-08-27 22:42:26,BTCUSD_PERP,bid,61000,541.45
2024-08-27 22:43:28,BTCUSD_PERP,bid,61100,542.01
2024-08-27 22:43:28,BTCUSD_PERP,bid,61100,602.52
2024-08-27 22:43:28,BTCUSD_PERP,bid,61100,722.93
2024-08-27 22:43:28,BTCUSD_PERP,bid,61100,903.85
2024-08-27 22:43:29,BTCUSD_PERP,bid,61100,964.36
2024-08-27 22:43:29,BTCUSD_PERP,bid,61100,1024.87
2024-08-27 22:43:29,BTCUSD_PERP,bid,61000,538.7
2024-08-27 22:43:29,BTCUSD_PERP,bid,61100,1144.66
2024-08-27 22:46:19,BTCUSD_PERP,bid,61100,1084.76
2024-08-27 22:46:22,BTCUSD_PERP,bid,61100,723.4
2024-08-27 22:46:22,BTCUSD_PERP,bid,61100,1084.69
2024-08-27 22:46:22,BTCUSD_PERP,bid,61000,528.7
2024-08-27 22:46:22,BTCUSD_PERP,bid,61100,1145.23
2024-08-27 22:46:25,BTCUSD_PERP,bid,61100,1147.42
2024-08-27 22:46:55,BTCUSD_PERP,bid,61100,967.04
2024-08-27 22:46:56,BTCUSD_PERP,bid,61100,906.5
2024-08-27 22:46:56,BTCUSD_PERP,bid,61100,785.42
2024-08-27 22:46:56,BTCUSD_PERP,bid,61100,725.49
2024-08-27 22:46:56,BTCUSD_PERP,bid,61100,665.57
2024-08-27 22:46:56,BTCUSD_PERP,bid,61100,605.03
2024-08-27 22:46:56,BTCUSD_PERP,bid,61100,601.38
2024-08-27 22:46:57,BTCUSD_PERP,bid,61100,661.27
2024-08-27 22:47:55,BTCUSD_PERP,bid,61000,1023.55
2024-08-27 22:47:55,BTCUSD_PERP,bid,61000,528.07
2024-08-27 22:47:55,BTCUSD_PERP,bid,61000,1084.02
2024-08-27 22:51:06,BTCUSD_PERP,bid,61000,722.6
2024-08-27 22:51:36,BTCUSD_PERP,bid,61000,734.43
2024-08-27 22:51:48,BTCUSD_PERP,bid,61000,540.15
2024-08-27 22:51:49,BTCUSD_PERP,bid,61000,600.59
2024-08-27 22:51:49,BTCUSD_PERP,bid,61000,721.47
2024-08-27 22:51:49,BTCUSD_PERP,bid,61000,781.91
2024-08-27 22:51:50,BTCUSD_PERP,bid,61000,841.74
2024-08-27 22:52:19,BTCUSD_PERP,bid,61000,781.3
2024-08-27 22:52:20,BTCUSD_PERP,bid,61000,721.47
2024-08-27 22:52:20,BTCUSD_PERP,bid,61000,661.03
2024-08-27 22:52:20,BTCUSD_PERP,bid,61000,601.21
2024-08-27 22:52:31,BTCUSD_PERP,bid,61100,600.97
2024-08-27 22:52:32,BTCUSD_PERP,bid,61100,661.49
2024-08-27 22:52:32,BTCUSD_PERP,bid,61100,721.4
2024-08-27 22:52:32,BTCUSD_PERP,bid,61100,842.44
2024-08-27 22:52:32,BTCUSD_PERP,bid,61100,902.96
2024-08-27 22:52:32,BTCUSD_PERP,bid,61100,963.48
2024-08-27 22:52:32,BTCUSD_PERP,bid,61100,963.52
2024-08-27 22:52:32,BTCUSD_PERP,bid,61100,1024.04
2024-08-27 22:52:32,BTCUSD_PERP,bid,61100,1145.08
2024-08-27 22:53:12,BTCUSD_PERP,bid,61100,1084.56
2024-08-27 22:53:44,BTCUSD_PERP,bid,61100,723.29
2024-08-27 22:55:25,BTCUSD_PERP,bid,61100,603.87
2024-08-27 22:55:25,BTCUSD_PERP,bid,61100,663.77
2024-08-27 22:55:25,BTCUSD_PERP,bid,61100,783.58
2024-08-27 22:57:02,BTCUSD_PERP,bid,61100,723.06
2024-08-27 22:57:02,BTCUSD_PERP,bid,61100,663.15
2024-08-27 22:57:02,BTCUSD_PERP,bid,61100,662.3
2024-08-27 23:06:36,BTCUSD_PERP,bid,61100,542.67
2024-08-27 23:06:37,BTCUSD_PERP,bid,61100,603.18
2024-08-27 23:07:14,BTCUSD_PERP,bid,61100,542.67
2024-08-27 23:07:15,BTCUSD_PERP,bid,61100,541.74
2024-08-27 23:07:16,BTCUSD_PERP,bid,61100,662.8
2024-08-27 23:07:16,BTCUSD_PERP,bid,61100,725.5
2024-08-27 23:07:16,BTCUSD_PERP,bid,61100,786.03
2024-08-27 23:07:16,BTCUSD_PERP,bid,61100,906.99
2024-08-27 23:07:16,BTCUSD_PERP,bid,61100,982.05
2024-08-27 23:07:16,BTCUSD_PERP,bid,61100,1041.97
2024-08-27 23:07:17,BTCUSD_PERP,bid,61100,1101.9
2024-08-27 23:08:07,BTCUSD_PERP,bid,61100,981.45
2024-08-27 23:08:07,BTCUSD_PERP,bid,61100,920.92
2024-08-27 23:08:07,BTCUSD_PERP,bid,61100,860.39
2024-08-27 23:08:07,BTCUSD_PERP,bid,61100,739.94
2024-08-27 23:08:08,BTCUSD_PERP,bid,61100,679.51
2024-08-27 23:08:08,BTCUSD_PERP,bid,61100,619.59
2024-08-27 23:08:08,BTCUSD_PERP,bid,61100,559.06
2024-08-27 23:08:08,BTCUSD_PERP,bid,61100,499.13
2024-08-27 23:08:08,BTCUSD_PERP,bid,61200,544.56
2024-08-27 23:08:08,BTCUSD_PERP,bid,61200,605.15
2024-08-27 23:08:08,BTCUSD_PERP,bid,61200,665.12
2024-08-27 23:08:08,BTCUSD_PERP,bid,61200,846.27
2024-08-27 23:08:08,BTCUSD_PERP,bid,61100,539.21
2024-08-27 23:08:08,BTCUSD_PERP,bid,61200,906.86
2024-08-27 23:08:09,BTCUSD_PERP,bid,61200,1027.42
2024-08-27 23:13:01,BTCUSD_PERP,bid,61200,604.12
2024-08-27 23:13:19,BTCUSD_PERP,bid,61200,606.32
2024-08-27 23:13:19,BTCUSD_PERP,bid,61200,621.0
2024-08-27 23:13:20,BTCUSD_PERP,bid,61200,621.04
2024-08-27 23:13:21,BTCUSD_PERP,bid,61200,621.08
2024-08-27 23:13:27,BTCUSD_PERP,bid,61200,621.12
2024-08-27 23:13:29,BTCUSD_PERP,bid,61200,621.16
2024-08-27 23:13:32,BTCUSD_PERP,bid,61200,621.2
2024-08-27 23:14:09,BTCUSD_PERP,bid,61200,561.16
2024-08-27 23:16:51,BTCUSD_PERP,bid,61300,605.36
2024-08-27 23:16:51,BTCUSD_PERP,bid,61300,666.09
2024-08-27 23:17:03,BTCUSD_PERP,bid,61300,605.36
2024-08-27 23:17:03,BTCUSD_PERP,bid,61300,544.73
2024-08-27 23:17:03,BTCUSD_PERP,bid,61300,605.97
2024-08-27 23:17:04,BTCUSD_PERP,bid,61300,666.13
2024-08-27 23:17:04,BTCUSD_PERP,bid,61300,726.91
2024-08-27 23:17:04,BTCUSD_PERP,bid,61300,908.62
2024-08-27 23:17:04,BTCUSD_PERP,bid,61300,968.78
2024-08-27 23:17:04,BTCUSD_PERP,bid,61300,1028.93
2024-08-27 23:17:27,BTCUSD_PERP,bid,61300,908.0
2024-08-27 23:17:27,BTCUSD_PERP,bid,61300,847.22
2024-08-27 23:17:27,BTCUSD_PERP,bid,61300,604.83
2024-08-27 23:17:28,BTCUSD_PERP,bid,61300,847.18
2024-08-27 23:17:28,BTCUSD_PERP,bid,61300,968.04
2024-08-27 23:18:23,BTCUSD_PERP,bid,61300,907.92
2024-08-27 23:18:26,BTCUSD_PERP,bid,61300,847.28
2024-08-27 23:18:26,BTCUSD_PERP,bid,61400,1149.9
2024-08-27 23:18:26,BTCUSD_PERP,bid,61300,530.2
2024-08-27 23:18:26,BTCUSD_PERP,bid,61400,1210.69
2024-08-27 23:21:19,BTCUSD_PERP,bid,61400,1090.37
2024-08-27 23:21:19,BTCUSD_PERP,bid,61400,1029.58
2024-08-27 23:21:19,BTCUSD_PERP,bid,61400,969.41
2024-08-27 23:21:20,BTCUSD_PERP,bid,61400,726.35
2024-08-27 23:21:20,BTCUSD_PERP,bid,61300,665.67
2024-08-27 23:21:20,BTCUSD_PERP,bid,61300,726.42
2024-08-27 23:25:32,BTCUSD_PERP,bid,61400,605.24
2024-08-27 23:26:29,BTCUSD_PERP,bid,61300,604.99
2024-08-27 23:26:30,BTCUSD_PERP,bid,61300,494.34
2024-08-27 23:31:39,BTCUSD_PERP,bid,61300,726.42
2024-08-27 23:31:39,BTCUSD_PERP,bid,61300,787.17
2024-08-27 23:32:16,BTCUSD_PERP,bid,61300,665.77
2024-08-27 23:32:17,BTCUSD_PERP,bid,61300,544.27
2024-08-27 23:35:10,BTCUSD_PERP,bid,61200,543.46
2024-08-27 23:35:10,BTCUSD_PERP,bid,61200,604.12
2024-08-27 23:35:16,BTCUSD_PERP,bid,61200,543.46
