2024-09-06 07:03:22,ETHUSDT,bid,1700,6055.389
2024-09-06 07:04:21,ETHUSDT,bid,2140,4971.816
2024-09-06 07:08:26,ETHUSDT,bid,2140,4971.78
2024-09-06 07:09:16,ETHUSDT,bid,2070,9675.373
2024-09-06 07:12:00,ETHUSDT,bid,2140,4971.883
2024-09-06 07:12:35,ETHUSDT,bid,2200,4552.886
2024-09-06 07:21:53,ETHUSDT,ask,2670,3733.297
2024-09-06 07:35:14,ETHUSDT,ask,2590,5816.976
2024-09-06 07:35:14,ETHUSDT,ask,2590,5816.986
2024-09-06 07:35:15,ETHUSDT,ask,2590,5816.996
2024-09-06 07:35:16,ETHUSDT,ask,2590,5817.016
2024-09-06 07:35:16,ETHUSDT,ask,2590,5817.026
2024-09-06 07:35:16,ETHUSDT,ask,2590,5817.044
2024-09-06 07:35:16,ETHUSDT,ask,2590,5817.062
2024-09-06 07:35:53,ETHUSDT,ask,2590,5817.07
2024-09-06 07:35:53,ETHUSDT,ask,2590,5817.06
2024-09-06 07:35:53,ETHUSDT,ask,2590,5817.05
2024-09-06 07:35:53,ETHUSDT,ask,2590,5817.04
2024-09-06 07:35:53,ETHUSDT,ask,2590,5817.03
2024-09-06 07:38:01,ETHUSDT,ask,2590,5816.994
2024-09-06 07:39:57,ETHUSDT,bid,2200,4552.822
2024-09-06 07:41:06,ETHUSDT,bid,2200,6503.569
2024-09-06 07:41:20,ETHUSDT,bid,2140,4969.876
2024-09-06 07:44:24,ETHUSDT,ask,2590,5817.014
2024-09-06 07:44:24,ETHUSDT,ask,2590,5817.024
2024-09-06 07:44:25,ETHUSDT,ask,2590,5817.034
2024-09-06 07:44:26,ETHUSDT,ask,2590,5817.044
2024-09-06 07:44:28,ETHUSDT,ask,2590,5817.054
2024-09-06 07:44:28,ETHUSDT,ask,2590,5817.064
2024-09-06 07:44:28,ETHUSDT,ask,2590,5817.074
2024-09-06 07:44:30,ETHUSDT,ask,2590,5817.084
2024-09-06 07:44:31,ETHUSDT,ask,2590,5817.094
2024-09-06 07:44:54,ETHUSDT,bid,2210,4529.037
2024-09-06 07:45:03,ETHUSDT,ask,2590,5817.084
2024-09-06 07:45:04,ETHUSDT,ask,2590,5817.074
2024-09-06 07:45:06,ETHUSDT,ask,2590,5817.064
2024-09-06 07:45:07,ETHUSDT,ask,2590,5817.054
2024-09-06 07:45:07,ETHUSDT,ask,2590,5817.044
2024-09-06 07:45:08,ETHUSDT,ask,2590,5817.034
2024-09-06 07:45:09,ETHUSDT,ask,2590,5817.024
2024-09-06 07:45:09,ETHUSDT,ask,2590,5817.014
2024-09-06 07:45:11,ETHUSDT,ask,2590,5817.004
2024-09-06 07:45:11,ETHUSDT,ask,2590,5816.994
2024-09-06 07:45:14,ETHUSDT,ask,2590,5816.976
2024-09-06 07:45:14,ETHUSDT,ask,2590,5816.958
2024-09-06 07:45:17,ETHUSDT,ask,2590,5816.94
2024-09-06 07:46:12,ETHUSDT,bid,2210,4529.017
2024-09-06 07:53:00,ETHUSDT,bid,1950,5135.765
2024-09-06 07:53:11,ETHUSDT,bid,1700,6055.44
2024-09-06 07:53:53,ETHUSDT,bid,2030,5080.971
2024-09-06 08:01:40,ETHUSDT,bid,2030,5080.947
2024-09-06 08:07:25,ETHUSDT,bid,2140,5003.531
2024-09-06 08:12:23,ETHUSDT,bid,1700,6057.44
2024-09-06 08:12:41,ETHUSDT,bid,2200,4554.432
2024-09-06 08:14:02,ETHUSDT,bid,2070,9676.373
2024-09-06 08:17:31,ETHUSDT,bid,2070,9675.373
2024-09-06 08:20:05,ETHUSDT,bid,1700,6055.98
2024-09-06 08:20:25,ETHUSDT,bid,2250,4527.024
2024-09-06 08:21:17,ETHUSDT,ask,2590,5815.017
2024-09-06 08:21:21,ETHUSDT,bid,2220,4521.418
2024-09-06 08:21:21,ETHUSDT,bid,2210,4529.008
2024-09-06 08:21:32,ETHUSDT,bid,2140,5003.501
2024-09-06 08:24:54,ETHUSDT,bid,1960,5567.793
2024-09-06 08:25:44,ETHUSDT,bid,1960,5562.793
2024-09-06 08:28:03,ETHUSDT,bid,2140,4969.846
2024-09-06 08:30:15,ETHUSDT,bid,2200,4542.822
2024-09-06 08:32:47,ETHUSDT,bid,2200,5079.791
2024-09-06 08:38:25,ETHUSDT,bid,2140,9434.695
2024-09-06 08:45:01,ETHUSDT,ask,2590,5815.031
2024-09-06 08:45:33,ETHUSDT,bid,2140,4969.825
2024-09-06 08:45:33,ETHUSDT,bid,2210,4528.987
2024-09-06 08:46:01,ETHUSDT,bid,1700,6056.103
2024-09-06 08:46:39,ETHUSDT,bid,2210,4528.187
2024-09-06 08:46:55,ETHUSDT,bid,2220,4520.184
2024-09-06 08:50:19,ETHUSDT,bid,2200,5079.554
2024-09-06 08:57:13,ETHUSDT,bid,1700,6056.203
2024-09-06 08:58:05,ETHUSDT,ask,2590,5814.837
2024-09-06 09:03:20,ETHUSDT,bid,2200,4542.551
2024-09-06 09:05:10,ETHUSDT,ask,2590,5815.106
2024-09-06 09:08:17,ETHUSDT,bid,2140,4914.825
2024-09-06 09:10:04,ETHUSDT,bid,2200,4538.019
2024-09-06 09:12:07,ETHUSDT,ask,2670,3734.297
2024-09-06 09:19:56,ETHUSDT,bid,1700,6056.103
2024-09-06 09:23:14,ETHUSDT,ask,2670,3796.902
2024-09-06 09:25:18,ETHUSDT,bid,2140,4914.842
2024-09-06 09:32:29,ETHUSDT,bid,1700,6055.574
2024-09-06 09:32:29,ETHUSDT,bid,2070,9675.277
2024-09-06 09:34:52,ETHUSDT,ask,2990,3359.051
2024-09-06 09:48:15,ETHUSDT,bid,2140,9434.675
2024-09-06 09:48:15,ETHUSDT,bid,2200,4538.009
2024-09-06 09:59:13,ETHUSDT,bid,2250,4526.053
2024-09-06 10:01:13,ETHUSDT,bid,2070,9675.251
2024-09-06 10:11:30,ETHUSDT,bid,2210,4527.587
2024-09-06 10:15:32,ETHUSDT,bid,2200,5079.712
2024-09-06 10:15:39,ETHUSDT,ask,2670,3797.502
2024-09-06 10:24:13,ETHUSDT,bid,2200,5091.724
2024-09-06 10:24:38,ETHUSDT,bid,2200,5079.712
2024-09-06 10:25:14,ETHUSDT,bid,2200,5085.886
2024-09-06 10:30:58,ETHUSDT,bid,2140,4917.178
2024-09-06 10:32:11,ETHUSDT,bid,2140,4917.168
2024-09-06 10:38:00,ETHUSDT,bid,1700,6055.601
2024-09-06 10:38:37,ETHUSDT,bid,2250,4526.018
2024-09-06 10:45:28,ETHUSDT,bid,1700,6055.991
2024-09-06 10:45:31,ETHUSDT,bid,1700,6055.601
2024-09-06 10:48:31,ETHUSDT,bid,2200,5085.488
2024-09-06 10:48:31,ETHUSDT,bid,2230,4505.366
2024-09-06 10:50:24,ETHUSDT,bid,1960,5562.822
2024-09-06 10:50:24,ETHUSDT,bid,2140,4917.197
2024-09-06 10:53:25,ETHUSDT,bid,1960,5600.89
2024-09-06 10:54:41,ETHUSDT,bid,1960,5600.861
2024-09-06 10:54:41,ETHUSDT,bid,2140,4917.168
2024-09-06 10:59:07,ETHUSDT,bid,2140,4932.168
2024-09-06 11:02:05,ETHUSDT,bid,1950,5134.998
2024-09-06 11:04:26,ETHUSDT,bid,2230,4505.466
2024-09-06 11:09:05,ETHUSDT,bid,2140,4929.832
2024-09-06 11:20:18,ETHUSDT,bid,2220,4588.556
2024-09-06 11:20:48,ETHUSDT,bid,1960,5600.872
2024-09-06 11:20:48,ETHUSDT,bid,2140,4929.843
2024-09-06 11:22:58,ETHUSDT,bid,1960,5550.872
2024-09-06 11:25:33,ETHUSDT,bid,1960,5555.456
2024-09-06 11:33:17,ETHUSDT,bid,2200,4553.038
2024-09-06 11:34:44,ETHUSDT,bid,2220,4518.556
2024-09-06 11:36:21,ETHUSDT,bid,1700,6057.596
2024-09-06 11:41:56,ETHUSDT,bid,2070,9674.399
2024-09-06 11:49:15,ETHUSDT,bid,1700,6057.569
2024-09-06 11:50:25,ETHUSDT,bid,2220,4518.576
2024-09-06 12:08:34,ETHUSDT,bid,2220,4518.556
2024-09-06 12:10:27,ETHUSDT,bid,1700,6057.581
2024-09-06 12:14:20,ETHUSDT,bid,1700,6057.569
2024-09-06 12:21:45,ETHUSDT,bid,1950,5132.399
2024-09-06 12:25:12,ETHUSDT,bid,2140,4989.843
2024-09-06 12:30:19,ETHUSDT,bid,2140,4929.843
2024-09-06 12:30:26,ETHUSDT,bid,2140,4995.843
2024-09-06 12:31:21,ETHUSDT,bid,1940,5161.537
2024-09-06 12:31:21,ETHUSDT,bid,1950,5132.411
2024-09-06 12:31:21,ETHUSDT,bid,1960,5555.468
2024-09-06 12:31:21,ETHUSDT,bid,2070,9674.411
2024-09-06 12:31:21,ETHUSDT,bid,2140,4995.855
2024-09-06 12:31:21,ETHUSDT,bid,2140,9434.687
2024-09-06 12:36:05,ETHUSDT,bid,2140,4995.855
2024-09-06 12:47:16,ETHUSDT,bid,2200,5086.212
2024-09-06 12:59:12,ETHUSDT,bid,2250,4526.144
2024-09-06 13:01:03,ETHUSDT,bid,2140,9434.697
2024-09-06 13:01:03,ETHUSDT,bid,2140,9434.707
2024-09-06 13:01:12,ETHUSDT,bid,2140,9434.697
2024-09-06 13:01:57,ETHUSDT,bid,2140,9434.687
2024-09-06 13:02:21,ETHUSDT,bid,2140,9434.697
2024-09-06 13:03:14,ETHUSDT,bid,2140,9434.687
2024-09-06 13:04:13,ETHUSDT,bid,2200,4539.016
2024-09-06 13:05:00,ETHUSDT,bid,2200,4538.009
2024-09-06 13:07:52,ETHUSDT,bid,2070,9674.429
2024-09-06 13:08:19,ETHUSDT,bid,2200,4539.016
2024-09-06 13:09:13,ETHUSDT,bid,2140,4995.865
2024-09-06 13:09:13,ETHUSDT,bid,2140,4995.855
2024-09-06 13:09:14,ETHUSDT,bid,2140,4995.865
2024-09-06 13:09:14,ETHUSDT,bid,2140,4995.875
2024-09-06 13:09:14,ETHUSDT,bid,2140,4995.875
2024-09-06 13:09:15,ETHUSDT,bid,2140,4995.885
2024-09-06 13:09:16,ETHUSDT,bid,2140,4995.885
2024-09-06 13:09:16,ETHUSDT,bid,2140,4995.895
2024-09-06 13:09:23,ETHUSDT,bid,2140,4995.875
2024-09-06 13:09:59,ETHUSDT,bid,2140,4995.865
2024-09-06 13:10:02,ETHUSDT,bid,2140,4995.855
2024-09-06 13:13:34,ETHUSDT,bid,2140,4995.855
2024-09-06 13:13:34,ETHUSDT,bid,2140,4995.865
2024-09-06 13:13:34,ETHUSDT,bid,2140,4995.875
2024-09-06 13:13:34,ETHUSDT,bid,2140,4995.875
2024-09-06 13:13:34,ETHUSDT,bid,2140,4995.885
2024-09-06 13:13:35,ETHUSDT,bid,2140,4995.895
2024-09-06 13:13:35,ETHUSDT,bid,2140,4995.905
2024-09-06 13:13:35,ETHUSDT,bid,2140,4995.905
2024-09-06 13:13:36,ETHUSDT,bid,2140,4995.915
2024-09-06 13:13:43,ETHUSDT,bid,2140,4995.905
2024-09-06 13:13:44,ETHUSDT,bid,2140,4995.895
2024-09-06 13:14:29,ETHUSDT,bid,2140,4995.885
2024-09-06 13:14:30,ETHUSDT,bid,2140,4995.875
2024-09-06 13:14:30,ETHUSDT,bid,2140,4995.865
2024-09-06 13:14:31,ETHUSDT,bid,2140,4995.855
2024-09-06 13:15:43,ETHUSDT,bid,2250,4503.932
2024-09-06 13:15:53,ETHUSDT,bid,2030,5062.502
2024-09-06 13:18:23,ETHUSDT,bid,2140,4995.865
2024-09-06 13:18:32,ETHUSDT,bid,2140,4995.855
2024-09-06 13:18:43,ETHUSDT,bid,1700,6057.716
2024-09-06 13:19:26,ETHUSDT,bid,2140,4995.865
2024-09-06 13:19:26,ETHUSDT,bid,2140,4995.885
2024-09-06 13:19:36,ETHUSDT,bid,2140,4995.875
2024-09-06 13:19:36,ETHUSDT,bid,2140,4995.865
2024-09-06 13:20:05,ETHUSDT,bid,1940,5161.525
2024-09-06 13:20:05,ETHUSDT,bid,1950,5132.399
2024-09-06 13:20:05,ETHUSDT,bid,1960,5555.456
2024-09-06 13:20:05,ETHUSDT,bid,2070,9674.417
2024-09-06 13:20:05,ETHUSDT,bid,2140,4995.853
2024-09-06 13:20:05,ETHUSDT,bid,2140,9434.675
2024-09-06 13:20:24,ETHUSDT,bid,2140,4995.843
2024-09-06 13:21:26,ETHUSDT,bid,2140,4995.863
2024-09-06 13:22:18,ETHUSDT,bid,2200,5085.488
2024-09-06 13:22:21,ETHUSDT,bid,2140,4995.853
2024-09-06 13:22:22,ETHUSDT,bid,2140,4995.843
2024-09-06 13:24:53,ETHUSDT,bid,1960,5556.543
2024-09-06 13:31:30,ETHUSDT,bid,2070,9674.429
2024-09-06 13:33:34,ETHUSDT,bid,1950,5143.094
2024-09-06 13:35:30,ETHUSDT,bid,2140,5007.525
2024-09-06 13:36:16,ETHUSDT,bid,2140,4995.843
2024-09-06 13:36:41,ETHUSDT,bid,2140,5007.525
2024-09-06 13:46:08,ETHUSDT,bid,2200,5086.488
2024-09-06 13:48:37,ETHUSDT,bid,2200,5085.488
2024-09-06 13:48:48,ETHUSDT,bid,2140,9434.695
2024-09-06 13:49:52,ETHUSDT,bid,2140,5007.541
2024-09-06 13:50:27,ETHUSDT,bid,2140,4995.859
2024-09-06 13:55:14,ETHUSDT,bid,1700,6055.721
2024-09-06 13:57:00,ETHUSDT,bid,2140,9434.675
2024-09-06 13:57:33,ETHUSDT,bid,2140,4995.859
2024-09-06 13:57:33,ETHUSDT,bid,2140,4995.869
2024-09-06 13:57:33,ETHUSDT,bid,2140,4995.879
2024-09-06 13:57:33,ETHUSDT,bid,2140,4995.889
2024-09-06 13:57:34,ETHUSDT,bid,2140,4995.889
2024-09-06 13:57:34,ETHUSDT,bid,2140,4995.899
2024-09-06 13:57:35,ETHUSDT,bid,2140,4995.919
2024-09-06 13:57:35,ETHUSDT,bid,2140,4995.929
2024-09-06 13:57:35,ETHUSDT,bid,2140,4995.919
2024-09-06 13:57:36,ETHUSDT,bid,2140,4995.929
2024-09-06 13:57:36,ETHUSDT,bid,2140,4995.929
2024-09-06 13:57:37,ETHUSDT,bid,2140,4995.939
2024-09-06 13:57:37,ETHUSDT,bid,2140,4995.949
2024-09-06 13:57:37,ETHUSDT,bid,2140,4995.959
2024-09-06 13:57:37,ETHUSDT,bid,2140,4995.969
2024-09-06 13:57:38,ETHUSDT,bid,2140,4995.969
2024-09-06 13:57:44,ETHUSDT,bid,2140,4995.949
2024-09-06 13:57:46,ETHUSDT,bid,2140,4995.939
2024-09-06 13:58:14,ETHUSDT,bid,2140,4995.929
2024-09-06 13:58:15,ETHUSDT,bid,2140,4995.919
2024-09-06 13:58:15,ETHUSDT,bid,2140,4995.909
2024-09-06 13:58:15,ETHUSDT,bid,2140,4995.899
2024-09-06 13:58:15,ETHUSDT,bid,2140,4995.879
2024-09-06 13:58:15,ETHUSDT,bid,2140,4995.869
2024-09-06 13:58:17,ETHUSDT,bid,2140,4995.859
2024-09-06 14:02:49,ETHUSDT,bid,2250,4504.422
2024-09-06 14:03:37,ETHUSDT,bid,2140,4995.859
2024-09-06 14:13:35,ETHUSDT,bid,2200,5086.626
2024-09-06 14:13:41,ETHUSDT,bid,2200,5085.488
2024-09-06 14:14:22,ETHUSDT,bid,2140,4999.531
2024-09-06 14:14:29,ETHUSDT,bid,2070,9674.439
2024-09-06 14:14:29,ETHUSDT,bid,2140,4999.541
2024-09-06 14:14:29,ETHUSDT,bid,2140,9434.685
2024-09-06 14:17:28,ETHUSDT,bid,2210,4527.337
2024-09-06 14:18:43,ETHUSDT,ask,2590,5815.116
2024-09-06 14:18:43,ETHUSDT,ask,2590,5815.126
2024-09-06 14:18:54,ETHUSDT,ask,2590,5815.106
2024-09-06 14:19:37,ETHUSDT,bid,2140,4998.839
2024-09-06 14:20:33,ETHUSDT,bid,2200,4563.038
2024-09-06 14:21:42,ETHUSDT,bid,2210,4527.357
2024-09-06 14:21:44,ETHUSDT,bid,2210,4527.337
2024-09-06 14:21:53,ETHUSDT,ask,2330,4436.044
2024-09-06 14:21:54,ETHUSDT,ask,2330,4436.044
2024-09-06 14:21:55,ETHUSDT,ask,2330,4629.822
2024-09-06 14:21:55,ETHUSDT,ask,2330,4436.257
2024-09-06 14:21:55,ETHUSDT,bid,2210,4527.357
2024-09-06 14:22:02,ETHUSDT,bid,2140,4995.51
2024-09-06 14:22:10,ETHUSDT,ask,2330,4435.214
2024-09-06 14:22:17,ETHUSDT,ask,2330,4447.401
2024-09-06 14:22:19,ETHUSDT,ask,2330,4447.401
2024-09-06 14:22:19,ETHUSDT,ask,2330,4448.051
2024-09-06 14:22:21,ETHUSDT,ask,2330,4521.075
2024-09-06 14:22:21,ETHUSDT,ask,2330,4525.067
2024-09-06 14:22:21,ETHUSDT,ask,2330,4521.075
2024-09-06 14:22:23,ETHUSDT,ask,2330,4437.278
2024-09-06 14:22:28,ETHUSDT,ask,2330,4443.334
2024-09-06 14:22:32,ETHUSDT,ask,2330,4445.311
2024-09-06 14:22:37,ETHUSDT,bid,2140,4995.91
2024-09-06 14:22:40,ETHUSDT,ask,2330,4438.531
2024-09-06 14:22:47,ETHUSDT,ask,2330,4429.474
2024-09-06 14:22:47,ETHUSDT,ask,2330,4429.194
2024-09-06 14:22:48,ETHUSDT,bid,2210,4527.367
2024-09-06 14:22:53,ETHUSDT,bid,2140,4995.933
2024-09-06 14:23:17,ETHUSDT,ask,2330,4330.491
2024-09-06 14:23:24,ETHUSDT,bid,2210,4527.414
2024-09-06 14:23:30,ETHUSDT,bid,2140,4997.458
2024-09-06 14:23:30,ETHUSDT,ask,2330,4333.255
2024-09-06 14:23:33,ETHUSDT,ask,2330,4333.913
2024-09-06 14:23:42,ETHUSDT,ask,2330,4330.429
2024-09-06 14:23:54,ETHUSDT,ask,2330,4360.517
2024-09-06 14:23:57,ETHUSDT,ask,2330,4378.459
2024-09-06 14:23:57,ETHUSDT,ask,2330,4361.462
2024-09-06 14:23:59,ETHUSDT,ask,2330,4378.459
2024-09-06 14:23:59,ETHUSDT,ask,2330,4361.462
2024-09-06 14:23:59,ETHUSDT,ask,2330,4362.721
2024-09-06 14:23:59,ETHUSDT,ask,2330,4361.688
2024-09-06 14:24:00,ETHUSDT,ask,2330,4361.776
2024-09-06 14:24:00,ETHUSDT,ask,2330,4365.122
2024-09-06 14:24:37,ETHUSDT,bid,2210,4527.367
2024-09-06 14:24:48,ETHUSDT,bid,2220,4518.107
2024-09-06 14:25:00,ETHUSDT,bid,2200,5086.296
2024-09-06 14:25:05,ETHUSDT,bid,2250,4504.533
2024-09-06 14:25:06,ETHUSDT,bid,2250,4504.644
2024-09-06 14:25:07,ETHUSDT,bid,2250,4504.755
2024-09-06 14:25:08,ETHUSDT,bid,2250,4504.866
2024-09-06 14:25:29,ETHUSDT,bid,2140,4997.405
2024-09-06 14:25:45,ETHUSDT,ask,2590,5814.892
2024-09-06 14:25:51,ETHUSDT,bid,2230,4505.477
2024-09-06 14:26:15,ETHUSDT,bid,1960,5555.778
2024-09-06 14:27:02,ETHUSDT,ask,3090,3227.04
2024-09-06 14:28:02,ETHUSDT,bid,2070,4819.256
2024-09-06 14:28:06,ETHUSDT,bid,2140,9434.539
2024-09-06 14:28:10,ETHUSDT,bid,2220,4524.236
2024-09-06 14:28:10,ETHUSDT,bid,2140,9434.793
2024-09-06 14:29:14,ETHUSDT,bid,2230,4510.477
2024-09-06 14:29:18,ETHUSDT,bid,2140,9434.539
2024-09-06 14:29:22,ETHUSDT,bid,2140,9434.681
2024-09-06 14:29:22,ETHUSDT,bid,2250,4505.221
2024-09-06 14:29:23,ETHUSDT,bid,2140,4997.355
2024-09-06 14:29:28,ETHUSDT,bid,2070,4819.377
2024-09-06 14:29:35,ETHUSDT,ask,2670,3797.41
2024-09-06 14:29:38,ETHUSDT,bid,1950,5144.584
2024-09-06 14:29:38,ETHUSDT,bid,2230,4510.835
2024-09-06 14:29:47,ETHUSDT,bid,2220,4524.596
2024-09-06 14:30:02,ETHUSDT,bid,2200,5086.568
2024-09-06 14:30:24,ETHUSDT,bid,1950,5143.094
2024-09-06 14:30:41,ETHUSDT,bid,1950,5144.719
2024-09-06 14:30:52,ETHUSDT,bid,2250,4506.274
2024-09-06 14:31:05,ETHUSDT,bid,2220,4525.001
2024-09-06 14:31:10,ETHUSDT,bid,2220,4525.398
2024-09-06 14:31:37,ETHUSDT,bid,1960,5517.71
2024-09-06 14:31:37,ETHUSDT,bid,2200,4572.12
2024-09-06 14:31:38,ETHUSDT,bid,2200,4581.202
2024-09-06 14:31:38,ETHUSDT,bid,2200,4599.366
2024-09-06 14:31:42,ETHUSDT,bid,2200,4563.038
2024-09-06 14:31:42,ETHUSDT,bid,2200,4548.082
2024-09-06 14:32:00,ETHUSDT,bid,1950,5143.094
2024-09-06 14:32:37,ETHUSDT,bid,1700,6075.472
2024-09-06 14:32:52,ETHUSDT,bid,1700,6055.721
2024-09-06 14:32:57,ETHUSDT,bid,1700,6056.111
2024-09-06 14:33:07,ETHUSDT,bid,2070,9674.598
2024-09-06 14:33:08,ETHUSDT,bid,1700,6080.508
2024-09-06 14:33:29,ETHUSDT,bid,2200,4567.579
2024-09-06 14:34:54,ETHUSDT,bid,2140,4997.495
2024-09-06 14:35:20,ETHUSDT,bid,1700,6080.525
2024-09-06 14:35:34,ETHUSDT,bid,2140,4997.539
2024-09-06 14:36:07,ETHUSDT,bid,2230,4502.767
2024-09-06 14:36:47,ETHUSDT,bid,2140,4993.867
2024-09-06 14:38:48,ETHUSDT,bid,2200,4569.85
2024-09-06 14:39:58,ETHUSDT,bid,2140,4993.981
2024-09-06 14:40:10,ETHUSDT,bid,2220,4521.346
2024-09-06 14:41:00,ETHUSDT,bid,2140,9433.811
2024-09-06 14:41:03,ETHUSDT,bid,1950,5143.073
2024-09-06 14:41:50,ETHUSDT,bid,2200,5088.839
2024-09-06 14:42:01,ETHUSDT,bid,2230,4502.855
2024-09-06 14:44:00,ETHUSDT,bid,2230,4503.079
2024-09-06 14:47:08,ETHUSDT,bid,2140,4994.133
2024-09-06 14:47:53,ETHUSDT,bid,1700,6079.865
2024-09-06 14:49:29,ETHUSDT,bid,2070,4819.256
2024-09-06 14:50:44,ETHUSDT,ask,2670,3797.366
2024-09-06 14:51:39,ETHUSDT,bid,2070,9674.64
2024-09-06 14:51:39,ETHUSDT,bid,2140,4994.175
2024-09-06 14:51:39,ETHUSDT,bid,2140,9433.853
2024-09-06 14:52:53,ETHUSDT,ask,2670,3796.366
2024-09-06 14:54:18,ETHUSDT,bid,2140,4994.225
2024-09-06 14:55:54,ETHUSDT,bid,2200,5089.293
2024-09-06 14:56:13,ETHUSDT,bid,2070,9677.049
2024-09-06 14:58:00,ETHUSDT,bid,2200,4570.53
2024-09-06 15:01:52,ETHUSDT,bid,2140,9434.039
2024-09-06 15:02:05,ETHUSDT,bid,2200,5089.338
2024-09-06 15:02:33,ETHUSDT,bid,2250,4506.296
2024-09-06 15:03:31,ETHUSDT,bid,2220,4518.151
2024-09-06 15:04:18,ETHUSDT,bid,2250,4505.452
2024-09-06 15:05:01,ETHUSDT,bid,2250,4505.896
2024-09-06 15:05:32,ETHUSDT,bid,2140,4994.425
2024-09-06 15:06:03,ETHUSDT,bid,2140,9433.658
2024-09-06 15:06:25,ETHUSDT,bid,2140,4994.409
2024-09-06 15:10:11,ETHUSDT,bid,2230,4506.21
2024-09-06 15:10:33,ETHUSDT,bid,2210,4527.347
2024-09-06 15:13:00,ETHUSDT,bid,2230,4503.079
2024-09-06 15:17:02,ETHUSDT,bid,1700,6079.475
2024-09-06 15:17:23,ETHUSDT,bid,2140,4994.009
2024-09-06 15:18:12,ETHUSDT,bid,2220,4518.107
2024-09-06 15:20:31,ETHUSDT,bid,2250,4505.452
2024-09-06 15:20:35,ETHUSDT,bid,2200,5089.293
2024-09-06 15:23:59,ETHUSDT,bid,2230,4503.146
2024-09-06 15:28:36,ETHUSDT,bid,1700,6075.24
2024-09-06 15:29:45,ETHUSDT,bid,2220,4518.196
2024-09-06 15:29:54,ETHUSDT,ask,2670,3734.307
2024-09-06 15:35:35,ETHUSDT,bid,2200,5089.974
2024-09-06 15:36:21,ETHUSDT,bid,2140,4994.196
2024-09-06 15:38:02,ETHUSDT,bid,2200,4547.075
2024-09-06 15:39:07,ETHUSDT,bid,1700,6074.064
2024-09-06 15:42:52,ETHUSDT,bid,1700,6075.241
2024-09-06 15:44:12,ETHUSDT,bid,1960,5513.126
2024-09-06 15:46:32,ETHUSDT,bid,2250,4505.119
2024-09-06 15:46:32,ETHUSDT,bid,2250,4505.008
2024-09-06 15:47:00,ETHUSDT,bid,2250,4505.023
2024-09-06 15:47:43,ETHUSDT,bid,2140,4994.246
2024-09-06 15:49:48,ETHUSDT,bid,2140,4994.346
2024-09-06 15:51:20,ETHUSDT,bid,2200,4565.989
2024-09-06 15:51:52,ETHUSDT,ask,3090,3229.13
2024-09-06 15:51:56,ETHUSDT,bid,2200,4550.984
2024-09-06 15:53:38,ETHUSDT,bid,2140,5034.346
2024-09-06 15:53:43,ETHUSDT,bid,2140,4994.346
2024-09-06 15:53:55,ETHUSDT,bid,2250,4505.034
2024-09-06 15:54:43,ETHUSDT,bid,1950,5142.14
2024-09-06 15:56:09,ETHUSDT,bid,2220,4521.481
2024-09-06 15:58:52,ETHUSDT,bid,2250,4504.908
2024-09-06 16:02:23,ETHUSDT,bid,1700,6096.534
2024-09-06 16:04:45,ETHUSDT,bid,2200,4565.489
2024-09-06 16:05:48,ETHUSDT,bid,1700,6084.9
2024-09-06 16:09:02,ETHUSDT,ask,2670,3796.376
2024-09-06 16:09:45,ETHUSDT,bid,2230,4503.096
2024-09-06 16:12:35,ETHUSDT,bid,2200,4665.489
2024-09-06 16:16:47,ETHUSDT,bid,2230,4501.732
2024-09-06 16:20:31,ETHUSDT,bid,1700,6084.93
2024-09-06 16:23:02,ETHUSDT,bid,2140,9433.715
2024-09-06 16:24:52,ETHUSDT,bid,2230,4501.721
2024-09-06 16:25:05,ETHUSDT,bid,2140,4991.407
2024-09-06 16:27:29,ETHUSDT,bid,2140,4995.068
2024-09-06 16:28:40,ETHUSDT,bid,2140,4993.568
2024-09-06 16:28:55,ETHUSDT,bid,2070,9675.315
2024-09-06 16:28:57,ETHUSDT,bid,2140,4993.588
2024-09-06 16:28:57,ETHUSDT,bid,2210,4527.367
2024-09-06 16:33:00,ETHUSDT,bid,2030,5063.326
2024-09-06 16:33:14,ETHUSDT,bid,2140,4994.05
2024-09-06 16:33:42,ETHUSDT,ask,2670,3796.937
2024-09-06 16:35:00,ETHUSDT,bid,1700,6084.942
2024-09-06 16:35:02,ETHUSDT,bid,2030,5063.996
2024-09-06 16:36:30,ETHUSDT,bid,2140,4994.34
2024-09-06 16:40:01,ETHUSDT,bid,2030,5063.326
2024-09-06 16:52:27,ETHUSDT,bid,1700,6084.657
2024-09-06 16:53:25,ETHUSDT,bid,1950,5144.14
2024-09-06 16:55:38,ETHUSDT,bid,2220,4516.175
2024-09-06 16:57:30,ETHUSDT,bid,2210,4577.367
2024-09-06 16:58:28,ETHUSDT,bid,2200,4565.489
2024-09-06 17:01:49,ETHUSDT,bid,2210,4527.367
2024-09-06 17:02:57,ETHUSDT,bid,2250,4502.908
2024-09-06 17:10:52,ETHUSDT,bid,1960,5518.71
2024-09-06 17:11:16,ETHUSDT,bid,2250,4504.594
2024-09-06 17:11:31,ETHUSDT,bid,2200,5090.974
2024-09-06 17:12:55,ETHUSDT,bid,2250,4502.908
2024-09-06 17:15:54,ETHUSDT,bid,2200,4547.075
2024-09-06 17:21:11,ETHUSDT,bid,2140,9433.693
2024-09-06 17:23:38,ETHUSDT,bid,2140,4994.806
2024-09-06 17:28:26,ETHUSDT,bid,2140,9434.693
2024-09-06 17:29:49,ETHUSDT,bid,2140,4994.783
2024-09-06 17:36:45,ETHUSDT,bid,2250,4503.352
2024-09-06 17:36:54,ETHUSDT,bid,2200,4565.943
2024-09-06 17:38:51,ETHUSDT,bid,2140,4993.849
2024-09-06 17:39:30,ETHUSDT,bid,2140,9433.871
2024-09-06 17:47:58,ETHUSDT,bid,2250,4503.341
2024-09-06 17:48:27,ETHUSDT,bid,2250,4501.841
2024-09-06 17:50:17,ETHUSDT,bid,2200,4566.392
2024-09-06 17:59:40,ETHUSDT,bid,2250,4501.455
2024-09-06 18:00:03,ETHUSDT,bid,2200,4565.392
2024-09-06 18:02:05,ETHUSDT,bid,2140,4993.835
2024-09-06 18:10:24,ETHUSDT,bid,2140,4994.335
2024-09-06 18:28:48,ETHUSDT,bid,2230,4506.203
2024-09-06 18:29:07,ETHUSDT,bid,2220,4527.064
2024-09-06 18:30:10,ETHUSDT,ask,2670,3736.221
2024-09-06 18:30:12,ETHUSDT,ask,2670,3738.17
2024-09-06 18:31:09,ETHUSDT,ask,2670,3736.256
2024-09-06 18:31:12,ETHUSDT,ask,2670,3734.307
2024-09-06 18:32:42,ETHUSDT,bid,2220,4516.175
2024-09-06 18:35:47,ETHUSDT,bid,2200,5091.974
2024-09-06 18:35:56,ETHUSDT,bid,2250,4502.055
2024-09-06 18:36:52,ETHUSDT,bid,1960,5518.722
2024-09-06 18:40:39,ETHUSDT,bid,2140,9434.338
2024-09-06 18:41:22,ETHUSDT,bid,2250,4503.743
2024-09-06 18:44:51,ETHUSDT,bid,1960,5518.71
2024-09-06 18:46:08,ETHUSDT,bid,1960,5557.034
2024-09-06 18:46:33,ETHUSDT,bid,1700,6087.657
2024-09-06 18:46:53,ETHUSDT,bid,1700,6084.657
2024-09-06 18:50:13,ETHUSDT,bid,2140,4994.335
2024-09-06 18:52:30,ETHUSDT,bid,2200,5088.974
2024-09-06 18:53:27,ETHUSDT,bid,2200,4568.392
2024-09-06 18:54:32,ETHUSDT,bid,1700,6085.899
2024-09-06 18:55:01,ETHUSDT,bid,1700,6084.657
2024-09-06 18:55:37,ETHUSDT,bid,2070,9672.906
2024-09-06 18:56:11,ETHUSDT,bid,1700,6084.601
2024-09-06 18:56:12,ETHUSDT,bid,1700,6086.601
2024-09-06 18:56:26,ETHUSDT,bid,1950,5144.16
2024-09-06 18:56:37,ETHUSDT,bid,1700,6087.601
2024-09-06 18:56:44,ETHUSDT,ask,2420,10301.706
2024-09-06 18:57:10,ETHUSDT,ask,2430,4441.17
2024-09-06 18:57:28,ETHUSDT,bid,1700,6087.701
2024-09-06 18:57:41,ETHUSDT,bid,2070,4819.584
2024-09-06 18:58:15,ETHUSDT,ask,2420,10302.531
2024-09-06 18:58:19,ETHUSDT,ask,2430,4443.17
2024-09-06 18:58:24,ETHUSDT,bid,2200,5089.576
2024-09-06 18:59:59,ETHUSDT,ask,2420,10301.706
2024-09-06 19:01:19,ETHUSDT,bid,1950,5144.273
2024-09-06 19:01:46,ETHUSDT,ask,2430,4444.17
2024-09-06 19:02:16,ETHUSDT,bid,2200,4566.121
2024-09-06 19:02:19,ETHUSDT,ask,2420,10301.905
2024-09-06 19:02:59,ETHUSDT,ask,2430,4445.17
2024-09-06 19:03:15,ETHUSDT,ask,2420,10302.708
2024-09-06 19:03:47,ETHUSDT,ask,2430,4475.17
2024-09-06 19:05:06,ETHUSDT,ask,2420,10302.738
2024-09-06 19:05:36,ETHUSDT,ask,2430,4479.17
2024-09-06 19:05:55,ETHUSDT,ask,2420,10308.378
2024-09-06 19:06:32,ETHUSDT,ask,2430,4479.52
2024-09-06 19:07:57,ETHUSDT,bid,2200,4565.672
2024-09-06 19:08:47,ETHUSDT,ask,2420,10308.405
2024-09-06 19:08:58,ETHUSDT,bid,1700,6087.671
2024-09-06 19:09:10,ETHUSDT,bid,2140,4994.682
2024-09-06 19:09:27,ETHUSDT,ask,2420,10308.419
2024-09-06 19:09:27,ETHUSDT,ask,2430,4479.534
2024-09-06 19:09:41,ETHUSDT,bid,2210,4527.357
2024-09-06 19:10:25,ETHUSDT,ask,2420,10306.409
2024-09-06 19:12:11,ETHUSDT,bid,2140,4994.638
2024-09-06 19:12:11,ETHUSDT,ask,2420,10306.37
2024-09-06 19:13:03,ETHUSDT,bid,2230,4501.721
2024-09-06 19:13:08,ETHUSDT,bid,2140,9441.063
2024-09-06 19:13:26,ETHUSDT,ask,2420,10316.37
2024-09-06 19:14:16,ETHUSDT,ask,2420,10316.171
2024-09-06 19:14:31,ETHUSDT,bid,2250,4503.778
2024-09-06 19:14:31,ETHUSDT,bid,2250,4503.743
2024-09-06 19:14:32,ETHUSDT,ask,2420,10317.823
2024-09-06 19:14:59,ETHUSDT,ask,2430,4491.534
2024-09-06 19:15:16,ETHUSDT,ask,2430,4488.548
2024-09-06 19:15:23,ETHUSDT,ask,2420,10322.323
2024-09-06 19:15:31,ETHUSDT,ask,2430,4490.548
2024-09-06 19:16:21,ETHUSDT,ask,2410,5310.414
2024-09-06 19:16:35,ETHUSDT,ask,2420,4301.096
2024-09-06 19:16:38,ETHUSDT,bid,2070,9673.006
2024-09-06 19:16:50,ETHUSDT,bid,2210,4529.017
2024-09-06 19:17:08,ETHUSDT,ask,2400,4369.614
2024-09-06 19:17:09,ETHUSDT,ask,2410,5305.951
2024-09-06 19:17:26,ETHUSDT,ask,2400,4370.864
2024-09-06 19:17:42,ETHUSDT,ask,2400,4370.885
2024-09-06 19:17:44,ETHUSDT,ask,2400,4370.969
2024-09-06 19:17:49,ETHUSDT,bid,2140,4995.115
2024-09-06 19:17:55,ETHUSDT,ask,2400,4370.769
2024-09-06 19:18:01,ETHUSDT,ask,2590,5814.878
2024-09-06 19:18:01,ETHUSDT,ask,2400,4376.534
2024-09-06 19:18:07,ETHUSDT,ask,2420,4300.049
2024-09-06 19:18:16,ETHUSDT,ask,2400,4376.934
2024-09-06 19:18:38,ETHUSDT,ask,2420,4299.049
2024-09-06 19:18:54,ETHUSDT,ask,2410,5306.751
2024-09-06 19:18:56,ETHUSDT,ask,2400,4377.804
2024-09-06 19:19:07,ETHUSDT,ask,2420,4299.718
2024-09-06 19:19:17,ETHUSDT,ask,2420,4313.475
2024-09-06 19:19:27,ETHUSDT,ask,2420,4310.975
2024-09-06 19:19:33,ETHUSDT,ask,2410,5286.751
2024-09-06 19:19:35,ETHUSDT,ask,2420,4315.107
2024-09-06 19:20:02,ETHUSDT,bid,2140,4994.615
2024-09-06 19:20:37,ETHUSDT,ask,2400,4220.629
2024-09-06 19:20:55,ETHUSDT,ask,2400,4219.629
2024-09-06 19:20:58,ETHUSDT,ask,2400,4219.638
2024-09-06 19:21:04,ETHUSDT,ask,2420,4316.322
2024-09-06 19:21:15,ETHUSDT,ask,2420,4312.19
2024-09-06 19:21:23,ETHUSDT,ask,2410,5285.767
2024-09-06 19:22:04,ETHUSDT,bid,2210,4529.242
2024-09-06 19:22:05,ETHUSDT,ask,2400,4215.472
2024-09-06 19:22:13,ETHUSDT,bid,2210,4531.915
2024-09-06 19:22:30,ETHUSDT,ask,2400,4217.271
2024-09-06 19:22:37,ETHUSDT,ask,2410,5286.055
2024-09-06 19:22:48,ETHUSDT,bid,1960,5556.269
2024-09-06 19:22:58,ETHUSDT,ask,2420,4312.685
2024-09-06 19:23:04,ETHUSDT,ask,2420,4317.685
2024-09-06 19:23:07,ETHUSDT,ask,2400,4491.296
2024-09-06 19:23:25,ETHUSDT,bid,1960,5562.933
2024-09-06 19:23:27,ETHUSDT,ask,2410,5287.714
2024-09-06 19:23:28,ETHUSDT,ask,2420,4318.185
2024-09-06 19:23:31,ETHUSDT,ask,2420,4320.185
2024-09-06 19:23:34,ETHUSDT,ask,2400,4493.296
2024-09-06 19:23:42,ETHUSDT,ask,2400,4493.796
2024-09-06 19:24:00,ETHUSDT,ask,2400,4494.796
2024-09-06 19:24:00,ETHUSDT,ask,2400,4495.761
2024-09-06 19:24:17,ETHUSDT,ask,2400,4493.274
2024-09-06 19:24:19,ETHUSDT,ask,2410,5288.317
2024-09-06 19:24:33,ETHUSDT,ask,2420,4317.685
2024-09-06 19:24:34,ETHUSDT,ask,2420,4348.676
2024-09-06 19:24:34,ETHUSDT,ask,2420,4347.676
2024-09-06 19:24:36,ETHUSDT,ask,2420,4345.8
2024-09-06 19:24:37,ETHUSDT,ask,2400,4493.039
2024-09-06 19:24:39,ETHUSDT,ask,2420,4346.626
2024-09-06 19:24:45,ETHUSDT,ask,2400,4493.097
2024-09-06 19:24:46,ETHUSDT,ask,2420,4347.112
2024-09-06 19:24:55,ETHUSDT,ask,2400,4488.821
2024-09-06 19:24:57,ETHUSDT,ask,2410,5288.217
2024-09-06 19:25:00,ETHUSDT,ask,2420,4346.617
2024-09-06 19:25:01,ETHUSDT,ask,2400,4486.821
2024-09-06 19:25:07,ETHUSDT,ask,2420,4346.844
2024-09-06 19:25:11,ETHUSDT,ask,2420,4346.358
2024-09-06 19:25:22,ETHUSDT,ask,2420,4347.203
2024-09-06 19:25:22,ETHUSDT,ask,2400,4491.144
2024-09-06 19:25:31,ETHUSDT,ask,2400,4492.144
2024-09-06 19:25:34,ETHUSDT,ask,2400,4492.644
2024-09-06 19:25:37,ETHUSDT,ask,2420,4348.203
2024-09-06 19:25:41,ETHUSDT,ask,2410,5273.217
2024-09-06 19:26:22,ETHUSDT,ask,2420,4335.272
2024-09-06 19:26:32,ETHUSDT,ask,2400,4488.678
2024-09-06 19:26:32,ETHUSDT,ask,2410,5274.283
2024-09-06 19:26:36,ETHUSDT,ask,2400,4438.221
2024-09-06 19:26:56,ETHUSDT,ask,2400,4437.721
2024-09-06 19:26:58,ETHUSDT,ask,2420,4335.891
2024-09-06 19:27:04,ETHUSDT,ask,2400,4447.052
2024-09-06 19:27:06,ETHUSDT,ask,2420,4337.826
2024-09-06 19:27:14,ETHUSDT,ask,2420,4331.226
2024-09-06 19:27:31,ETHUSDT,ask,2410,5285.233
2024-09-06 19:27:43,ETHUSDT,ask,2420,4368.047
2024-09-06 19:27:43,ETHUSDT,ask,2410,5305.772
2024-09-06 19:27:43,ETHUSDT,ask,2410,5305.872
2024-09-06 19:27:46,ETHUSDT,ask,2410,5309.56
2024-09-06 19:27:48,ETHUSDT,ask,2410,5303.757
2024-09-06 19:28:01,ETHUSDT,ask,2410,5293.757
2024-09-06 19:28:06,ETHUSDT,ask,2410,5273.218
2024-09-06 19:28:07,ETHUSDT,ask,2410,5206.831
2024-09-06 19:28:12,ETHUSDT,bid,2140,4994.795
2024-09-06 19:28:12,ETHUSDT,ask,2410,5208.094
2024-09-06 19:28:14,ETHUSDT,ask,2420,4368.047
2024-09-06 19:28:31,ETHUSDT,ask,2420,4374.047
2024-09-06 19:28:40,ETHUSDT,ask,2420,4374.038
2024-09-06 19:28:59,ETHUSDT,ask,2420,4373.419
2024-09-06 19:28:59,ETHUSDT,ask,2410,5208.394
2024-09-06 19:29:02,ETHUSDT,ask,2420,4373.41
2024-09-06 19:29:05,ETHUSDT,bid,2220,4521.175
2024-09-06 19:29:10,ETHUSDT,ask,2410,5218.437
2024-09-06 19:29:21,ETHUSDT,ask,2410,5218.394
2024-09-06 19:29:35,ETHUSDT,ask,2420,4373.76
2024-09-06 19:29:40,ETHUSDT,ask,2420,4378.098
2024-09-06 19:29:46,ETHUSDT,ask,2420,4377.314
2024-09-06 19:29:58,ETHUSDT,ask,2410,5221.236
2024-09-06 19:30:16,ETHUSDT,bid,2200,4566.258
2024-09-06 19:30:48,ETHUSDT,bid,2140,9441.083
2024-09-06 19:30:50,ETHUSDT,ask,2420,4396.285
2024-09-06 19:30:54,ETHUSDT,bid,2140,9441.063
2024-09-06 19:31:21,ETHUSDT,bid,2200,5088.974
2024-09-06 19:32:14,ETHUSDT,bid,2250,4506.05
2024-09-06 19:32:37,ETHUSDT,bid,2070,9672.906
2024-09-06 19:33:47,ETHUSDT,bid,2140,9434.338
2024-09-06 19:33:49,ETHUSDT,bid,2250,4503.743
2024-09-06 19:35:17,ETHUSDT,bid,2070,9673.306
2024-09-06 19:35:46,ETHUSDT,bid,2200,5087.974
2024-09-06 19:35:46,ETHUSDT,bid,2250,4503.143
2024-09-06 19:35:54,ETHUSDT,bid,2220,4522.48
2024-09-06 19:38:44,ETHUSDT,bid,2140,4994.996
2024-09-06 19:39:19,ETHUSDT,bid,2220,4516.175
2024-09-06 19:39:42,ETHUSDT,bid,2210,4531.734
2024-09-06 19:40:37,ETHUSDT,bid,2200,4547.03
2024-09-06 19:44:26,ETHUSDT,bid,2210,4531.016
2024-09-06 19:46:34,ETHUSDT,bid,2220,4511.01
2024-09-06 19:48:42,ETHUSDT,bid,2140,4994.844
2024-09-06 19:51:00,ETHUSDT,bid,2210,4528.343
2024-09-06 19:56:28,ETHUSDT,bid,2200,5087.929
2024-09-06 19:56:28,ETHUSDT,bid,2220,4522.435
2024-09-06 19:56:28,ETHUSDT,bid,2230,4501.677
2024-09-06 19:59:55,ETHUSDT,bid,2140,9434.348
2024-09-06 20:01:46,ETHUSDT,ask,2670,3796.908
2024-09-06 20:02:21,ETHUSDT,ask,2650,3801.547
2024-09-06 20:02:21,ETHUSDT,ask,2670,3796.921
2024-09-06 20:02:25,ETHUSDT,bid,2030,5063.081
2024-09-06 20:03:25,ETHUSDT,bid,2200,4568.528
2024-09-06 20:03:28,ETHUSDT,ask,2590,5814.801
2024-09-06 20:04:42,ETHUSDT,bid,2230,4504.677
2024-09-06 20:09:10,ETHUSDT,bid,2140,4994.657
2024-09-06 20:11:59,ETHUSDT,bid,2140,4898.158
2024-09-06 20:15:43,ETHUSDT,bid,2200,4550.03
2024-09-06 20:16:18,ETHUSDT,bid,2220,4511.044
2024-09-06 20:24:18,ETHUSDT,bid,1700,6087.771
2024-09-06 20:28:09,ETHUSDT,ask,2650,3801.562
2024-09-06 20:33:43,ETHUSDT,bid,2210,4526.683
2024-09-06 20:33:57,ETHUSDT,bid,2220,4519.576
2024-09-06 20:35:14,ETHUSDT,bid,2140,4898.325
2024-09-06 20:39:09,ETHUSDT,ask,2590,5814.609
2024-09-06 20:39:22,ETHUSDT,bid,2200,4567.942
2024-09-06 20:42:01,ETHUSDT,bid,2200,4550.087
2024-09-06 20:42:43,ETHUSDT,bid,2210,4528.683
2024-09-06 20:45:19,ETHUSDT,bid,1960,5562.97
2024-09-06 20:46:34,ETHUSDT,bid,2200,5087.448
2024-09-06 20:46:57,ETHUSDT,ask,2670,3797.871
2024-09-06 20:46:57,ETHUSDT,bid,2220,4515.536
2024-09-06 20:48:18,ETHUSDT,bid,2140,4898.158
2024-09-06 20:49:26,ETHUSDT,bid,2230,4504.721
2024-09-06 20:50:42,ETHUSDT,ask,2390,4968.73
2024-09-06 20:51:11,ETHUSDT,bid,2140,4898.058
2024-09-06 20:51:35,ETHUSDT,bid,2140,4898.008
2024-09-06 20:52:43,ETHUSDT,ask,2390,4968.721
2024-09-06 20:53:01,ETHUSDT,bid,2220,4515.631
2024-09-06 20:53:13,ETHUSDT,bid,2210,4528.775
2024-09-06 20:53:28,ETHUSDT,bid,2200,4550.207
2024-09-06 20:53:33,ETHUSDT,bid,1700,6087.871
2024-09-06 20:53:53,ETHUSDT,bid,2200,4558.365
2024-09-06 20:54:06,ETHUSDT,bid,1950,5146.056
2024-09-06 20:54:10,ETHUSDT,bid,1950,5144.273
2024-09-06 20:54:17,ETHUSDT,bid,1950,5146.056
2024-09-06 20:54:51,ETHUSDT,ask,2390,4968.521
2024-09-06 20:55:32,ETHUSDT,ask,3040,3301.758
2024-09-06 20:56:34,ETHUSDT,bid,2070,9679.306
2024-09-06 20:56:38,ETHUSDT,bid,2070,9673.306
2024-09-06 20:56:46,ETHUSDT,bid,2220,4520.631
2024-09-06 20:56:54,ETHUSDT,ask,2390,4977.506
2024-09-06 20:58:47,ETHUSDT,bid,2070,9674.878
2024-09-06 20:59:05,ETHUSDT,bid,2200,5086.64
2024-09-06 20:59:22,ETHUSDT,ask,2390,4978.131
2024-09-06 21:00:32,ETHUSDT,bid,2200,4567.952
2024-09-06 21:01:07,ETHUSDT,bid,2220,4522.964
2024-09-06 21:01:49,ETHUSDT,ask,2590,5814.36
2024-09-06 21:02:36,ETHUSDT,bid,2220,4517.964
2024-09-06 21:02:41,ETHUSDT,bid,2220,4515.631
2024-09-06 21:02:45,ETHUSDT,ask,2390,4968.034
2024-09-06 21:03:33,ETHUSDT,ask,2590,5814.35
2024-09-06 21:03:33,ETHUSDT,ask,2590,5814.36
2024-09-06 21:03:42,ETHUSDT,bid,2220,4519.903
2024-09-06 21:03:53,ETHUSDT,ask,2590,5814.36
2024-09-06 21:03:53,ETHUSDT,ask,2590,5814.38
2024-09-06 21:03:54,ETHUSDT,ask,2590,5814.39
2024-09-06 21:04:05,ETHUSDT,ask,2590,5814.38
2024-09-06 21:04:05,ETHUSDT,ask,2590,5814.37
2024-09-06 21:04:05,ETHUSDT,ask,2590,5814.36
2024-09-06 21:04:05,ETHUSDT,ask,2590,5814.35
2024-09-06 21:04:18,ETHUSDT,bid,1700,6087.771
2024-09-06 21:04:51,ETHUSDT,bid,1960,5556.97
2024-09-06 21:05:27,ETHUSDT,bid,2140,9435.811
2024-09-06 21:06:59,ETHUSDT,bid,2210,4528.795
2024-09-06 21:07:12,ETHUSDT,bid,2250,4504.475
2024-09-06 21:07:38,ETHUSDT,bid,2210,4528.775
2024-09-06 21:07:53,ETHUSDT,bid,2210,4528.833
2024-09-06 21:08:04,ETHUSDT,ask,2390,4968.234
2024-09-06 21:08:05,ETHUSDT,bid,2140,4899.008
2024-09-06 21:08:24,ETHUSDT,bid,1950,5147.056
2024-09-06 21:08:37,ETHUSDT,bid,2250,4503.985
2024-09-06 21:08:43,ETHUSDT,bid,2140,4898.008
2024-09-06 21:08:43,ETHUSDT,bid,2210,4528.775
2024-09-06 21:08:44,ETHUSDT,bid,2250,4504.475
2024-09-06 21:09:06,ETHUSDT,bid,2140,9435.871
2024-09-06 21:09:58,ETHUSDT,bid,2250,4504.499
2024-09-06 21:10:22,ETHUSDT,bid,2140,9435.931
2024-09-06 21:10:31,ETHUSDT,bid,2140,4898.098
2024-09-06 21:10:56,ETHUSDT,bid,2140,9437.7
2024-09-06 21:11:05,ETHUSDT,bid,2140,9435.871
2024-09-06 21:11:15,ETHUSDT,bid,2140,9436.895
2024-09-06 21:11:24,ETHUSDT,bid,2140,4897.164
2024-09-06 21:11:37,ETHUSDT,bid,2230,4505.021
2024-09-06 21:12:45,ETHUSDT,bid,2200,4568.113
2024-09-06 21:12:45,ETHUSDT,bid,2200,4558.526
2024-09-06 21:12:45,ETHUSDT,bid,2220,4515.791
2024-09-06 21:12:58,ETHUSDT,bid,2210,4528.795
2024-09-06 21:13:02,ETHUSDT,bid,2220,4515.702
2024-09-06 21:13:43,ETHUSDT,bid,2140,4897.764
2024-09-06 21:14:39,ETHUSDT,bid,1960,5556.996
2024-09-06 21:14:39,ETHUSDT,bid,2140,4897.788
2024-09-06 21:14:44,ETHUSDT,bid,2220,4523.903
2024-09-06 21:15:09,ETHUSDT,bid,2140,9436.929
2024-09-06 21:15:59,ETHUSDT,bid,2200,4568.173
2024-09-06 21:16:48,ETHUSDT,bid,2250,4502.811
2024-09-06 21:16:59,ETHUSDT,bid,1950,5217.056
2024-09-06 21:17:24,ETHUSDT,bid,2230,4500.124
2024-09-06 21:17:31,ETHUSDT,bid,2220,4524.903
2024-09-06 21:17:52,ETHUSDT,bid,2220,4516.024
2024-09-06 21:17:58,ETHUSDT,bid,2210,4530.241
2024-09-06 21:18:46,ETHUSDT,bid,2220,4526.403
2024-09-06 21:19:23,ETHUSDT,bid,2220,4526.514
2024-09-06 21:19:28,ETHUSDT,bid,2220,4515.702
2024-09-06 21:19:33,ETHUSDT,bid,2250,4502.911
2024-09-06 21:19:36,ETHUSDT,bid,2140,9346.136
2024-09-06 21:19:37,ETHUSDT,bid,2220,4515.202
2024-09-06 21:20:07,ETHUSDT,bid,2200,4568.113
2024-09-06 21:20:21,ETHUSDT,bid,2140,9345.112
2024-09-06 21:20:29,ETHUSDT,bid,2140,9337.653
2024-09-06 21:20:42,ETHUSDT,bid,2250,4517.57
2024-09-06 21:20:52,ETHUSDT,bid,2250,4517.685
2024-09-06 21:21:08,ETHUSDT,bid,2210,4530.221
2024-09-06 21:21:23,ETHUSDT,bid,2070,9674.938
2024-09-06 21:21:46,ETHUSDT,bid,2140,4900.124
2024-09-06 21:21:50,ETHUSDT,bid,2140,4897.788
2024-09-06 21:22:06,ETHUSDT,bid,2140,4900.591
2024-09-06 21:22:36,ETHUSDT,bid,2140,4906.073
2024-09-06 21:23:00,ETHUSDT,bid,2140,4903.27
2024-09-06 21:23:35,ETHUSDT,bid,2220,4515.211
2024-09-06 21:25:08,ETHUSDT,bid,2140,9347.653
2024-09-06 21:25:21,ETHUSDT,bid,2140,4903.09
2024-09-06 21:25:30,ETHUSDT,bid,1950,5217.388
2024-09-06 21:26:03,ETHUSDT,bid,2210,4530.241
2024-09-06 21:26:32,ETHUSDT,bid,2220,4526.721
2024-09-06 21:26:35,ETHUSDT,bid,2250,4503.026
2024-09-06 21:26:35,ETHUSDT,bid,2140,9346.531
2024-09-06 21:26:49,ETHUSDT,bid,2230,4504.514
2024-09-06 21:27:07,ETHUSDT,bid,2220,4528.3
2024-09-06 21:27:32,ETHUSDT,bid,2140,4906.361
2024-09-06 21:27:56,ETHUSDT,bid,1700,6087.648
2024-09-06 21:27:58,ETHUSDT,bid,2200,5081.64
2024-09-06 21:28:52,ETHUSDT,bid,1940,5215.747
2024-09-06 21:29:01,ETHUSDT,bid,2230,4504.54
2024-09-06 21:29:30,ETHUSDT,bid,2250,4503.336
2024-09-06 21:29:31,ETHUSDT,bid,2070,4819.622
2024-09-06 21:29:31,ETHUSDT,bid,2140,4906.398
2024-09-06 21:29:31,ETHUSDT,bid,2210,4530.277
2024-09-06 21:29:31,ETHUSDT,bid,2140,4891.398
2024-09-06 21:29:47,ETHUSDT,bid,2200,5080.827
2024-09-06 21:30:06,ETHUSDT,bid,2140,4891.408
2024-09-06 21:30:12,ETHUSDT,bid,2070,9674.948
2024-09-06 21:30:50,ETHUSDT,bid,2220,4515.202
2024-09-06 21:31:32,ETHUSDT,bid,2200,4565.843
2024-09-06 21:31:40,ETHUSDT,bid,2220,4525.202
2024-09-06 21:32:04,ETHUSDT,bid,2140,4891.493
2024-09-06 21:32:04,ETHUSDT,bid,2210,4530.362
2024-09-06 21:32:16,ETHUSDT,bid,2250,4503.338
2024-09-06 21:32:28,ETHUSDT,bid,2230,4504.542
2024-09-06 21:32:32,ETHUSDT,bid,2200,4565.856
2024-09-06 21:32:33,ETHUSDT,bid,2220,4528.302
2024-09-06 21:32:44,ETHUSDT,bid,2200,5080.829
2024-09-06 21:33:09,ETHUSDT,bid,1960,5557.311
2024-09-06 21:33:25,ETHUSDT,bid,2230,4504.516
2024-09-06 21:33:34,ETHUSDT,bid,2220,4528.507
2024-09-06 21:33:40,ETHUSDT,bid,2200,4559.526
2024-09-06 21:33:47,ETHUSDT,bid,2200,4559.559
2024-09-06 21:33:52,ETHUSDT,bid,2200,4558.559
2024-09-06 21:33:59,ETHUSDT,bid,2230,4504.526
2024-09-06 21:34:02,ETHUSDT,bid,2220,4528.517
2024-09-06 21:34:02,ETHUSDT,bid,2200,4559.559
2024-09-06 21:34:03,ETHUSDT,bid,2200,4559.576
2024-09-06 21:34:18,ETHUSDT,bid,2070,9674.888
2024-09-06 21:34:26,ETHUSDT,bid,2200,4559.613
2024-09-06 21:34:40,ETHUSDT,bid,1960,5557.328
2024-09-06 21:35:09,ETHUSDT,bid,2140,4891.78
2024-09-06 21:35:13,ETHUSDT,bid,2250,4503.591
2024-09-06 21:35:18,ETHUSDT,bid,1960,5557.644
2024-09-06 21:35:50,ETHUSDT,bid,2140,9348.631
2024-09-06 21:35:52,ETHUSDT,bid,2220,4525.402
2024-09-06 21:36:09,ETHUSDT,bid,2210,4533.841
2024-09-06 21:36:15,ETHUSDT,bid,2200,4561.879
2024-09-06 21:36:25,ETHUSDT,bid,2140,9346.531
2024-09-06 21:36:44,ETHUSDT,bid,2250,4523.467
2024-09-06 21:37:13,ETHUSDT,bid,2140,9354.531
2024-09-06 21:37:19,ETHUSDT,bid,2230,4503.63
2024-09-06 21:37:32,ETHUSDT,bid,2230,4504.078
2024-09-06 21:37:59,ETHUSDT,bid,2220,4524.517
2024-09-06 21:38:17,ETHUSDT,bid,2200,4565.756
2024-09-06 21:39:53,ETHUSDT,bid,2140,4891.83
2024-09-06 21:40:16,ETHUSDT,bid,2200,4565.595
2024-09-06 21:40:16,ETHUSDT,bid,2200,4561.718
2024-09-06 21:40:16,ETHUSDT,bid,2220,4525.242
2024-09-06 21:40:16,ETHUSDT,bid,2250,4523.747
2024-09-06 21:40:40,ETHUSDT,bid,2250,4503.871
2024-09-06 21:40:40,ETHUSDT,bid,1700,6087.207
2024-09-06 21:41:28,ETHUSDT,bid,2200,4619.689
2024-09-06 21:42:39,ETHUSDT,bid,2250,4523.14
2024-09-06 21:43:26,ETHUSDT,bid,2250,4524.0
2024-09-06 21:43:38,ETHUSDT,bid,2200,4565.595
2024-09-06 21:43:51,ETHUSDT,bid,2200,4619.689
2024-09-06 21:44:08,ETHUSDT,bid,2220,4523.518
2024-09-06 21:45:08,ETHUSDT,bid,2200,5081.548
2024-09-06 21:45:29,ETHUSDT,bid,1960,5558.918
2024-09-06 21:45:33,ETHUSDT,bid,2140,4888.559
2024-09-06 21:45:38,ETHUSDT,bid,2250,4523.51
2024-09-06 21:45:47,ETHUSDT,bid,2140,4891.797
2024-09-06 21:45:49,ETHUSDT,bid,1960,5557.644
2024-09-06 21:45:57,ETHUSDT,bid,2200,5082.049
2024-09-06 21:46:02,ETHUSDT,bid,2230,4503.854
2024-09-06 21:46:04,ETHUSDT,bid,2200,4565.595
2024-09-06 21:46:12,ETHUSDT,bid,2210,4593.841
2024-09-06 21:46:20,ETHUSDT,bid,2230,4503.865
2024-09-06 21:46:37,ETHUSDT,bid,2250,4523.56
2024-09-06 21:47:33,ETHUSDT,bid,2210,4533.841
2024-09-06 21:47:49,ETHUSDT,bid,2220,4525.23
2024-09-06 21:47:54,ETHUSDT,bid,2230,4504.985
2024-09-06 21:47:55,ETHUSDT,bid,2230,4503.865
2024-09-06 21:48:01,ETHUSDT,bid,2220,4535.398
2024-09-06 21:48:01,ETHUSDT,bid,2220,4600.54
2024-09-06 21:48:01,ETHUSDT,bid,2220,4723.956
2024-09-06 21:48:02,ETHUSDT,bid,2220,4766.606
2024-09-06 21:48:02,ETHUSDT,bid,2220,4792.527
2024-09-06 21:48:15,ETHUSDT,bid,2140,4945.891
2024-09-06 21:49:00,ETHUSDT,bid,2220,4770.924
2024-09-06 21:49:00,ETHUSDT,bid,2220,4695.851
2024-09-06 21:49:01,ETHUSDT,bid,2220,4588.059
2024-09-06 21:49:01,ETHUSDT,bid,2220,4583.741
2024-09-06 21:49:01,ETHUSDT,bid,2220,4525.23
2024-09-06 21:49:30,ETHUSDT,bid,2200,4566.595
2024-09-06 21:49:55,ETHUSDT,bid,2200,4561.681
2024-09-06 21:50:52,ETHUSDT,bid,2200,4564.325
2024-09-06 21:51:53,ETHUSDT,bid,2140,4952.013
2024-09-06 21:52:15,ETHUSDT,bid,2140,9358.151
2024-09-06 21:52:38,ETHUSDT,bid,2250,4523.616
2024-09-06 21:53:01,ETHUSDT,bid,2250,4533.895
2024-09-06 21:53:17,ETHUSDT,bid,1960,5560.644
2024-09-06 21:53:27,ETHUSDT,bid,2250,4533.642
2024-09-06 21:53:44,ETHUSDT,bid,2140,4945.891
2024-09-06 21:54:01,ETHUSDT,bid,2210,4534.743
2024-09-06 21:55:15,ETHUSDT,bid,2140,9354.531
2024-09-06 21:55:33,ETHUSDT,bid,2070,9676.088
2024-09-06 21:55:36,ETHUSDT,bid,2250,4533.586
2024-09-06 21:55:48,ETHUSDT,bid,2210,4535.759
2024-09-06 21:55:48,ETHUSDT,bid,2210,4536.775
2024-09-06 21:55:48,ETHUSDT,bid,2210,4537.791
2024-09-06 21:55:49,ETHUSDT,bid,2210,4534.743
2024-09-06 21:55:50,ETHUSDT,bid,2210,4535.759
2024-09-06 21:55:50,ETHUSDT,bid,2210,4536.775
2024-09-06 21:55:50,ETHUSDT,bid,2210,4534.743
2024-09-06 21:55:56,ETHUSDT,bid,2250,4533.642
2024-09-06 21:56:04,ETHUSDT,bid,2210,4539.127
2024-09-06 21:56:08,ETHUSDT,bid,1700,6087.707
2024-09-06 21:56:12,ETHUSDT,bid,2260,5365.257
2024-09-06 21:56:25,ETHUSDT,bid,2140,4946.156
2024-09-06 21:56:28,ETHUSDT,bid,2220,4525.241
2024-09-06 21:56:46,ETHUSDT,bid,2210,4543.639
2024-09-06 21:56:49,ETHUSDT,bid,1960,5560.389
2024-09-06 21:56:52,ETHUSDT,bid,2220,4527.262
2024-09-06 21:56:52,ETHUSDT,bid,2270,14596.822
2024-09-06 21:57:03,ETHUSDT,bid,2230,4503.898
2024-09-06 21:57:15,ETHUSDT,bid,2230,4503.865
2024-09-06 21:57:36,ETHUSDT,bid,2200,4579.434
2024-09-06 21:57:36,ETHUSDT,bid,1960,5560.491
2024-09-06 21:57:57,ETHUSDT,bid,2230,4502.394
2024-09-06 21:58:22,ETHUSDT,bid,1960,5562.491
2024-09-06 21:58:27,ETHUSDT,bid,2250,4533.586
2024-09-06 21:58:32,ETHUSDT,bid,2220,4527.062
2024-09-06 21:58:45,ETHUSDT,bid,2140,9358.552
2024-09-06 21:59:12,ETHUSDT,bid,2250,4533.642
2024-09-06 22:00:14,ETHUSDT,bid,2230,4502.17
2024-09-06 22:00:39,ETHUSDT,bid,2230,4502.349
2024-09-06 22:01:27,ETHUSDT,bid,2250,4533.586
2024-09-06 22:01:45,ETHUSDT,bid,2250,4534.586
2024-09-06 22:01:55,ETHUSDT,bid,2230,4503.349
2024-09-06 22:01:58,ETHUSDT,bid,2220,4524.518
2024-09-06 22:02:06,ETHUSDT,bid,2200,5083.049
2024-09-06 22:02:42,ETHUSDT,bid,2140,4946.56
2024-09-06 22:03:18,ETHUSDT,bid,2040,9804.119
2024-09-06 22:03:47,ETHUSDT,bid,2210,4553.639
2024-09-06 22:04:05,ETHUSDT,bid,2250,4534.642
2024-09-06 22:04:25,ETHUSDT,bid,2210,4549.255
2024-09-06 22:04:57,ETHUSDT,bid,2230,4503.274
2024-09-06 22:04:58,ETHUSDT,bid,1700,6066.414
2024-09-06 22:05:03,ETHUSDT,bid,2220,4541.885
2024-09-06 22:05:04,ETHUSDT,bid,2220,4556.708
2024-09-06 22:05:05,ETHUSDT,bid,2220,4571.664
2024-09-06 22:05:06,ETHUSDT,bid,2220,4586.487
2024-09-06 22:05:11,ETHUSDT,bid,2210,4559.255
2024-09-06 22:05:38,ETHUSDT,bid,2220,4523.518
2024-09-06 22:05:43,ETHUSDT,bid,1700,6087.707
2024-09-06 22:06:00,ETHUSDT,bid,2070,9676.102
2024-09-06 22:06:32,ETHUSDT,bid,2250,4534.586
2024-09-06 22:06:47,ETHUSDT,bid,2210,4563.246
2024-09-06 22:07:01,ETHUSDT,bid,2250,4534.642
2024-09-06 22:07:11,ETHUSDT,bid,2140,4946.438
2024-09-06 22:07:16,ETHUSDT,bid,2140,9358.352
2024-09-06 22:07:22,ETHUSDT,bid,2140,4946.468
2024-09-06 22:07:24,ETHUSDT,bid,2140,4949.849
2024-09-06 22:07:28,ETHUSDT,bid,1700,6088.033
2024-09-06 22:08:08,ETHUSDT,bid,2220,4527.53
2024-09-06 22:08:35,ETHUSDT,bid,2220,4586.498
2024-09-06 22:08:37,ETHUSDT,bid,2140,4949.349
2024-09-06 22:08:38,ETHUSDT,bid,2070,9676.824
2024-09-06 22:09:00,ETHUSDT,bid,2140,9358.721
2024-09-06 22:09:00,ETHUSDT,bid,2200,5083.408
2024-09-06 22:09:00,ETHUSDT,bid,2220,4527.886
2024-09-06 22:09:29,ETHUSDT,bid,1700,6087.681
2024-09-06 22:09:53,ETHUSDT,bid,2250,4533.31
2024-09-06 22:09:55,ETHUSDT,bid,2140,4945.968
2024-09-06 22:10:04,ETHUSDT,bid,2200,4599.434
2024-09-06 22:10:05,ETHUSDT,bid,2230,4498.884
2024-09-06 22:10:14,ETHUSDT,bid,2140,4946.88
2024-09-06 22:10:14,ETHUSDT,bid,2140,4949.539
2024-09-06 22:10:42,ETHUSDT,bid,1960,5563.001
2024-09-06 22:11:18,ETHUSDT,bid,2140,4949.824
2024-09-06 22:11:29,ETHUSDT,bid,2220,4586.509
2024-09-06 22:11:32,ETHUSDT,bid,2250,4533.254
2024-09-06 22:12:03,ETHUSDT,bid,1700,6087.741
2024-09-06 22:12:33,ETHUSDT,bid,2250,4533.265
2024-09-06 22:13:19,ETHUSDT,bid,2200,5083.635
2024-09-06 22:13:20,ETHUSDT,bid,2220,4586.498
2024-09-06 22:13:32,ETHUSDT,bid,2210,4563.256
2024-09-06 22:13:43,ETHUSDT,bid,1960,5584.75
2024-09-06 22:14:01,ETHUSDT,bid,2220,4587.888
2024-09-06 22:14:29,ETHUSDT,bid,2220,4593.216
2024-09-06 22:14:36,ETHUSDT,bid,2230,4493.884
2024-09-06 22:14:46,ETHUSDT,bid,2220,4530.886
2024-09-06 22:15:26,ETHUSDT,bid,2230,4493.834
2024-09-06 22:15:32,ETHUSDT,ask,2670,3734.297
2024-09-06 22:15:44,ETHUSDT,bid,2250,4543.265
2024-09-06 22:16:57,ETHUSDT,bid,2250,4544.265
2024-09-06 22:17:09,ETHUSDT,bid,2220,4530.897
2024-09-06 22:17:14,ETHUSDT,bid,2210,4623.256
2024-09-06 22:17:14,ETHUSDT,bid,2250,4545.265
2024-09-06 22:17:19,ETHUSDT,bid,2220,4578.393
2024-09-06 22:17:19,ETHUSDT,bid,2220,4548.614
2024-09-06 22:17:24,ETHUSDT,bid,1700,6087.681
2024-09-06 22:17:30,ETHUSDT,bid,2220,4533.791
2024-09-06 22:17:33,ETHUSDT,bid,2220,4526.885
2024-09-06 22:17:33,ETHUSDT,bid,2030,5063.192
2024-09-06 22:17:33,ETHUSDT,bid,2200,4591.276
2024-09-06 22:17:33,ETHUSDT,bid,2230,4497.19
2024-09-06 22:17:34,ETHUSDT,bid,2230,4501.665
2024-09-06 22:17:34,ETHUSDT,bid,2230,4502.112
2024-09-06 22:17:34,ETHUSDT,bid,2230,4506.594
2024-09-06 22:17:35,ETHUSDT,bid,2230,4502.112
2024-09-06 22:17:45,ETHUSDT,bid,2210,4563.256
2024-09-06 22:17:56,ETHUSDT,bid,1700,6087.754
2024-09-06 22:17:56,ETHUSDT,bid,2230,4501.665
2024-09-06 22:17:57,ETHUSDT,bid,2220,4528.234
2024-09-06 22:17:58,ETHUSDT,bid,2200,4565.458
2024-09-06 22:17:59,ETHUSDT,bid,2230,4493.834
2024-09-06 22:17:59,ETHUSDT,bid,2220,4526.885
2024-09-06 22:18:00,ETHUSDT,bid,2210,4578.146
2024-09-06 22:18:00,ETHUSDT,bid,2200,4591.212
2024-09-06 22:18:02,ETHUSDT,bid,2250,4550.151
2024-09-06 22:18:02,ETHUSDT,bid,2250,4556.748
2024-09-06 22:18:02,ETHUSDT,bid,2250,4561.146
2024-09-06 22:18:06,ETHUSDT,bid,2250,4554.549
2024-09-06 22:18:06,ETHUSDT,bid,2250,4549.663
2024-09-06 22:18:07,ETHUSDT,bid,2200,4591.845
2024-09-06 22:18:08,ETHUSDT,bid,2220,4526.924
2024-09-06 22:18:09,ETHUSDT,bid,1960,5584.434
2024-09-06 22:18:09,ETHUSDT,bid,2140,9357.721
2024-09-06 22:18:09,ETHUSDT,bid,2200,4600.004
2024-09-06 22:18:14,ETHUSDT,bid,2200,5083.653
2024-09-06 22:18:14,ETHUSDT,bid,2250,4549.353
2024-09-06 22:18:17,ETHUSDT,bid,2070,9678.161
2024-09-06 22:18:22,ETHUSDT,bid,2250,4544.955
2024-09-06 22:18:23,ETHUSDT,bid,2220,4526.885
2024-09-06 22:18:23,ETHUSDT,bid,2250,4545.043
2024-09-06 22:18:24,ETHUSDT,bid,2250,4545.131
2024-09-06 22:18:28,ETHUSDT,bid,2240,5837.561
2024-09-06 22:18:29,ETHUSDT,bid,2220,4527.885
2024-09-06 22:18:32,ETHUSDT,bid,2240,5136.914
2024-09-06 22:18:32,ETHUSDT,bid,2250,4545.081
2024-09-06 22:18:37,ETHUSDT,bid,2240,5537.561
2024-09-06 22:18:37,ETHUSDT,bid,2250,4545.525
2024-09-06 22:18:39,ETHUSDT,bid,2240,5139.141
2024-09-06 22:18:39,ETHUSDT,bid,2240,5550.561
2024-09-06 22:18:40,ETHUSDT,bid,2230,5357.444
2024-09-06 22:18:42,ETHUSDT,bid,2210,4563.256
2024-09-06 22:18:42,ETHUSDT,bid,2240,5550.549
2024-09-06 22:18:43,ETHUSDT,bid,2250,4545.514
2024-09-06 22:18:50,ETHUSDT,bid,2240,5141.927
2024-09-06 22:18:50,ETHUSDT,bid,2250,4538.918
2024-09-06 22:18:51,ETHUSDT,bid,2230,5359.685
2024-09-06 22:18:51,ETHUSDT,bid,2200,4590.938
2024-09-06 22:18:54,ETHUSDT,bid,2220,4528.791
2024-09-06 22:18:55,ETHUSDT,bid,2240,5546.464
2024-09-06 22:18:58,ETHUSDT,bid,2240,5142.016
2024-09-06 22:19:00,ETHUSDT,bid,2240,5546.397
2024-09-06 22:19:00,ETHUSDT,bid,2220,5326.676
2024-09-06 22:19:01,ETHUSDT,bid,2240,5141.144
2024-09-06 22:19:01,ETHUSDT,bid,2200,4580.938
2024-09-06 22:19:05,ETHUSDT,bid,2230,5120.655
2024-09-06 22:19:09,ETHUSDT,bid,2230,5354.685
2024-09-06 22:19:09,ETHUSDT,bid,2240,5141.366
2024-09-06 22:19:09,ETHUSDT,bid,2200,4580.98
2024-09-06 22:19:09,ETHUSDT,bid,2240,5546.355
2024-09-06 22:19:09,ETHUSDT,bid,2240,5141.588
2024-09-06 22:19:10,ETHUSDT,bid,2240,5139.361
2024-09-06 22:19:10,ETHUSDT,bid,2240,5139.583
2024-09-06 22:19:10,ETHUSDT,bid,2220,5130.399
2024-09-06 22:19:10,ETHUSDT,bid,2240,5139.805
2024-09-06 22:19:10,ETHUSDT,bid,2240,5140.027
2024-09-06 22:19:11,ETHUSDT,bid,2240,5138.917
2024-09-06 22:19:11,ETHUSDT,bid,2240,5546.305
2024-09-06 22:19:12,ETHUSDT,bid,2230,5122.194
2024-09-06 22:19:12,ETHUSDT,bid,2240,5142.013
2024-09-06 22:19:12,ETHUSDT,bid,2220,5324.963
2024-09-06 22:19:13,ETHUSDT,bid,2220,5323.906
2024-09-06 22:19:14,ETHUSDT,bid,2230,5126.288
2024-09-06 22:19:15,ETHUSDT,bid,2240,5550.763
2024-09-06 22:19:15,ETHUSDT,bid,2250,4519.649
2024-09-06 22:19:16,ETHUSDT,bid,2240,5546.343
2024-09-06 22:19:18,ETHUSDT,bid,2230,5355.818
2024-09-06 22:19:18,ETHUSDT,bid,2220,5324.906
2024-09-06 22:19:18,ETHUSDT,bid,2230,5356.696
2024-09-06 22:19:19,ETHUSDT,bid,2240,5546.878
2024-09-06 22:19:20,ETHUSDT,bid,2230,5126.298
2024-09-06 22:19:20,ETHUSDT,bid,2250,4519.849
2024-09-06 22:19:23,ETHUSDT,bid,2230,5357.234
2024-09-06 22:19:23,ETHUSDT,bid,2240,5551.878
2024-09-06 22:19:24,ETHUSDT,bid,2250,4569.849
2024-09-06 22:19:26,ETHUSDT,bid,2240,5144.73
2024-09-06 22:19:28,ETHUSDT,bid,2230,5362.234
2024-09-06 22:19:28,ETHUSDT,bid,1700,6088.435
2024-09-06 22:19:28,ETHUSDT,bid,2220,5325.446
2024-09-06 22:19:29,ETHUSDT,bid,2200,5158.653
2024-09-06 22:19:29,ETHUSDT,bid,2220,4526.291
2024-09-06 22:19:29,ETHUSDT,bid,2250,4592.061
2024-09-06 22:19:29,ETHUSDT,bid,2210,4563.24
2024-09-06 22:19:30,ETHUSDT,bid,2240,5574.131
2024-09-06 22:19:30,ETHUSDT,bid,2240,5575.247
2024-09-06 22:19:30,ETHUSDT,bid,2220,4526.257
2024-09-06 22:19:30,ETHUSDT,bid,2200,4564.325
2024-09-06 22:19:30,ETHUSDT,bid,2140,4949.875
2024-09-06 22:19:30,ETHUSDT,bid,2220,4542.742
2024-09-06 22:19:31,ETHUSDT,bid,2230,5362.392
2024-09-06 22:19:31,ETHUSDT,bid,2230,5132.942
2024-09-06 22:19:31,ETHUSDT,bid,2250,4592.505
2024-09-06 22:19:31,ETHUSDT,bid,2240,5144.83
2024-09-06 22:19:32,ETHUSDT,bid,2220,5325.896
2024-09-06 22:19:32,ETHUSDT,bid,2240,5570.827
2024-09-06 22:19:32,ETHUSDT,bid,2230,5126.298
2024-09-06 22:19:33,ETHUSDT,bid,2240,5571.942
2024-09-06 22:19:33,ETHUSDT,bid,2220,5330.896
2024-09-06 22:19:36,ETHUSDT,bid,2220,5331.376
2024-09-06 22:19:36,ETHUSDT,bid,2230,5007.308
2024-09-06 22:19:36,ETHUSDT,bid,2220,5331.276
2024-09-06 22:19:36,ETHUSDT,bid,2230,5362.292
2024-09-06 22:19:36,ETHUSDT,bid,2240,5554.009
2024-09-06 22:19:37,ETHUSDT,bid,2250,4592.949
2024-09-06 22:19:37,ETHUSDT,bid,2200,4564.425
2024-09-06 22:19:37,ETHUSDT,bid,2070,9678.151
2024-09-06 22:19:37,ETHUSDT,bid,2140,4949.865
2024-09-06 22:19:37,ETHUSDT,bid,2140,9357.711
2024-09-06 22:19:37,ETHUSDT,bid,2220,5331.266
2024-09-06 22:19:37,ETHUSDT,bid,2220,5130.389
2024-09-06 22:19:37,ETHUSDT,bid,2230,5362.282
2024-09-06 22:19:37,ETHUSDT,bid,2230,5126.288
2024-09-06 22:19:37,ETHUSDT,bid,2240,5554.099
2024-09-06 22:19:37,ETHUSDT,bid,2240,5144.82
2024-09-06 22:19:37,ETHUSDT,bid,2230,5007.558
2024-09-06 22:19:38,ETHUSDT,bid,2240,5159.372
2024-09-06 22:19:38,ETHUSDT,bid,2230,5363.392
2024-09-06 22:19:38,ETHUSDT,bid,2230,5123.608
2024-09-06 22:19:39,ETHUSDT,bid,2200,4575.98
2024-09-06 22:19:40,ETHUSDT,bid,2240,5554.661
2024-09-06 22:19:40,ETHUSDT,bid,2250,4593.042
2024-09-06 22:19:40,ETHUSDT,bid,2230,5007.568
2024-09-06 22:19:40,ETHUSDT,bid,2250,4570.83
2024-09-06 22:19:40,ETHUSDT,bid,2200,5158.495
2024-09-06 22:19:40,ETHUSDT,bid,2230,5008.016
2024-09-06 22:19:41,ETHUSDT,bid,2220,4541.742
2024-09-06 22:19:41,ETHUSDT,bid,2230,5362.282
2024-09-06 22:19:42,ETHUSDT,bid,2240,5144.82
2024-09-06 22:19:43,ETHUSDT,bid,2240,5553.331
2024-09-06 22:19:43,ETHUSDT,bid,2240,5146.147
2024-09-06 22:19:43,ETHUSDT,bid,2200,5158.395
2024-09-06 22:19:44,ETHUSDT,bid,2230,5366.766
2024-09-06 22:19:44,ETHUSDT,bid,2200,4576.433
2024-09-06 22:19:44,ETHUSDT,bid,2220,4541.631
2024-09-06 22:19:45,ETHUSDT,bid,2240,5486.368
2024-09-06 22:19:45,ETHUSDT,bid,2230,4494.282
2024-09-06 22:19:45,ETHUSDT,bid,2210,4574.521
2024-09-06 22:19:46,ETHUSDT,bid,2230,5011.505
2024-09-06 22:19:47,ETHUSDT,bid,2230,5368.766
2024-09-06 22:19:47,ETHUSDT,bid,2220,5331.616
2024-09-06 22:19:49,ETHUSDT,bid,2230,5016.433
2024-09-06 22:19:52,ETHUSDT,bid,2200,4565.425
2024-09-06 22:19:52,ETHUSDT,bid,2220,5336.12
2024-09-06 22:19:52,ETHUSDT,bid,2240,5486.425
2024-09-06 22:19:52,ETHUSDT,bid,2230,5383.416
2024-09-06 22:19:53,ETHUSDT,bid,2230,4494.313
2024-09-06 22:19:53,ETHUSDT,bid,2230,5023.086
2024-09-06 22:19:53,ETHUSDT,bid,2230,5027.521
2024-09-06 22:19:53,ETHUSDT,bid,2220,5336.084
2024-09-06 22:19:53,ETHUSDT,bid,2230,5022.593
2024-09-06 22:19:53,ETHUSDT,bid,2230,5022.145
2024-09-06 22:19:54,ETHUSDT,bid,2230,5026.58
2024-09-06 22:19:54,ETHUSDT,bid,2230,5022.145
2024-09-06 22:19:55,ETHUSDT,bid,2230,5015.492
2024-09-06 22:19:55,ETHUSDT,bid,2220,4544.219
2024-09-06 22:19:55,ETHUSDT,bid,2210,4574.437
2024-09-06 22:19:55,ETHUSDT,bid,2220,5336.0
2024-09-06 22:19:55,ETHUSDT,bid,2230,5010.973
2024-09-06 22:19:56,ETHUSDT,bid,2230,5367.055
2024-09-06 22:19:57,ETHUSDT,bid,2230,5069.078
2024-09-06 22:19:57,ETHUSDT,bid,2240,5486.412
2024-09-06 22:19:57,ETHUSDT,bid,2200,4577.543
2024-09-06 22:19:57,ETHUSDT,bid,2230,5369.055
2024-09-06 22:19:58,ETHUSDT,bid,2240,5148.036
2024-09-06 22:19:59,ETHUSDT,bid,2220,4542.081
2024-09-06 22:19:59,ETHUSDT,bid,2220,5338.302
2024-09-06 22:19:59,ETHUSDT,bid,2240,5515.582
2024-09-06 22:19:59,ETHUSDT,bid,2240,5149.364
2024-09-06 22:19:59,ETHUSDT,bid,2230,5008.911
2024-09-06 22:19:59,ETHUSDT,bid,2240,5535.47
2024-09-06 22:20:00,ETHUSDT,bid,2230,5124.108
2024-09-06 22:20:00,ETHUSDT,bid,2240,5492.614
2024-09-06 22:20:00,ETHUSDT,bid,2250,4570.83
2024-09-06 22:20:01,ETHUSDT,bid,2220,5340.302
2024-09-06 22:20:01,ETHUSDT,bid,2240,5150.663
2024-09-06 22:20:02,ETHUSDT,bid,2240,5147.946
2024-09-06 22:20:02,ETHUSDT,bid,2240,5463.444
2024-09-06 22:20:02,ETHUSDT,bid,2240,5443.556
2024-09-06 22:20:02,ETHUSDT,bid,2240,5461.394
2024-09-06 22:20:03,ETHUSDT,bid,2220,4526.257
2024-09-06 22:20:04,ETHUSDT,bid,2230,5369.155
2024-09-06 22:20:04,ETHUSDT,bid,2240,5462.894
2024-09-06 22:20:04,ETHUSDT,bid,2250,4571.309
2024-09-06 22:20:05,ETHUSDT,bid,2240,5462.916
2024-09-06 22:20:05,ETHUSDT,bid,2230,5000.036
2024-09-06 22:20:05,ETHUSDT,bid,2240,5463.016
2024-09-06 22:20:06,ETHUSDT,bid,2200,4576.433
2024-09-06 22:20:06,ETHUSDT,bid,2140,4949.265
2024-09-06 22:20:06,ETHUSDT,bid,2230,5124.242
2024-09-06 22:20:06,ETHUSDT,bid,2240,5463.643
2024-09-06 22:20:06,ETHUSDT,bid,2220,5137.878
2024-09-06 22:20:07,ETHUSDT,bid,2200,5165.21
2024-09-06 22:20:07,ETHUSDT,bid,2250,4593.299
2024-09-06 22:20:08,ETHUSDT,bid,2220,5340.642
2024-09-06 22:20:09,ETHUSDT,bid,2220,5139.379
2024-09-06 22:20:09,ETHUSDT,bid,2210,4554.437
2024-09-06 22:20:09,ETHUSDT,bid,2250,4571.309
2024-09-06 22:20:10,ETHUSDT,bid,2240,5463.679
2024-09-06 22:20:11,ETHUSDT,bid,2250,4572.771
2024-09-06 22:20:12,ETHUSDT,bid,2220,5340.664
2024-09-06 22:20:12,ETHUSDT,bid,2230,5123.742
2024-09-06 22:20:12,ETHUSDT,bid,2220,5138.348
2024-09-06 22:20:14,ETHUSDT,bid,2230,5369.827
2024-09-06 22:20:14,ETHUSDT,bid,2240,5150.946
2024-09-06 22:20:15,ETHUSDT,bid,2220,5340.955
2024-09-06 22:20:15,ETHUSDT,bid,2230,5369.961
2024-09-06 22:20:15,ETHUSDT,bid,2230,5124.627
2024-09-06 22:20:16,ETHUSDT,bid,2220,5340.73
2024-09-06 22:20:16,ETHUSDT,bid,2240,5463.746
2024-09-06 22:20:17,ETHUSDT,bid,2240,5478.331
2024-09-06 22:20:17,ETHUSDT,bid,2140,4950.199
2024-09-06 22:20:17,ETHUSDT,bid,2230,5370.347
2024-09-06 22:20:17,ETHUSDT,bid,2240,5460.493
2024-09-06 22:20:18,ETHUSDT,bid,2240,5460.593
2024-09-06 22:20:19,ETHUSDT,bid,2230,5369.478
2024-09-06 22:20:21,ETHUSDT,bid,2220,4526.267
2024-09-06 22:20:21,ETHUSDT,bid,2250,4574.992
2024-09-06 22:20:21,ETHUSDT,bid,2230,4494.446
2024-09-06 22:20:22,ETHUSDT,bid,2220,5340.23
2024-09-06 22:20:23,ETHUSDT,bid,2230,5368.478
2024-09-06 22:20:23,ETHUSDT,bid,2230,5125.127
2024-09-06 22:20:23,ETHUSDT,bid,2240,5460.615
2024-09-06 22:20:24,ETHUSDT,bid,2240,5460.514
2024-09-06 22:20:24,ETHUSDT,bid,2230,5401.774
2024-09-06 22:20:24,ETHUSDT,bid,2230,5125.216
2024-09-06 22:20:24,ETHUSDT,bid,2250,4584.637
2024-09-06 22:20:25,ETHUSDT,bid,2240,5460.714
2024-09-06 22:20:26,ETHUSDT,bid,2220,5385.275
2024-09-06 22:20:26,ETHUSDT,bid,2240,5460.814
2024-09-06 22:20:30,ETHUSDT,bid,2220,5384.935
2024-09-06 22:20:31,ETHUSDT,bid,2230,5000.025
2024-09-06 22:20:31,ETHUSDT,bid,2240,5460.368
2024-09-06 22:20:32,ETHUSDT,bid,2240,5471.528
2024-09-06 22:20:32,ETHUSDT,bid,2240,5460.368
2024-09-06 22:20:32,ETHUSDT,bid,2240,5460.283
2024-09-06 22:20:32,ETHUSDT,bid,2230,4494.415
2024-09-06 22:20:34,ETHUSDT,bid,2220,5384.485
2024-09-06 22:20:36,ETHUSDT,bid,2240,5460.292
2024-09-06 22:20:36,ETHUSDT,bid,2230,5014.815
2024-09-06 22:20:39,ETHUSDT,bid,2230,5402.022
2024-09-06 22:20:39,ETHUSDT,bid,2220,5182.859
2024-09-06 22:20:39,ETHUSDT,bid,2250,4583.749
2024-09-06 22:20:39,ETHUSDT,bid,2240,5445.707
2024-09-06 22:20:39,ETHUSDT,bid,2220,4527.224
2024-09-06 22:20:39,ETHUSDT,bid,2220,4536.267
2024-09-06 22:20:39,ETHUSDT,bid,2250,4586.005
2024-09-06 22:20:40,ETHUSDT,bid,2230,5126.216
2024-09-06 22:20:40,ETHUSDT,bid,2240,5513.549
2024-09-06 22:20:43,ETHUSDT,bid,2220,5183.692
2024-09-06 22:20:45,ETHUSDT,bid,2200,5165.221
2024-09-06 22:20:47,ETHUSDT,bid,2220,4529.224
2024-09-06 22:20:47,ETHUSDT,bid,2230,5126.303
2024-09-06 22:20:48,ETHUSDT,bid,2220,5385.104
2024-09-06 22:20:49,ETHUSDT,bid,2240,5445.707
2024-09-06 22:20:50,ETHUSDT,bid,2220,4529.765
2024-09-06 22:20:50,ETHUSDT,bid,2230,5402.942
2024-09-06 22:20:50,ETHUSDT,bid,2230,5128.987
2024-09-06 22:20:51,ETHUSDT,bid,2200,5165.416
2024-09-06 22:20:51,ETHUSDT,bid,2230,5403.942
2024-09-06 22:20:52,ETHUSDT,bid,2230,5403.493
2024-09-06 22:20:52,ETHUSDT,bid,2240,5173.217
2024-09-06 22:20:53,ETHUSDT,bid,2240,5445.698
2024-09-06 22:20:53,ETHUSDT,bid,2240,5445.764
2024-09-06 22:20:54,ETHUSDT,bid,2230,5403.484
2024-09-06 22:20:54,ETHUSDT,bid,2220,5385.094
2024-09-06 22:20:54,ETHUSDT,bid,2250,4591.005
2024-09-06 22:20:57,ETHUSDT,bid,2230,5403.237
2024-09-06 22:20:58,ETHUSDT,bid,2240,5458.729
2024-09-06 22:20:58,ETHUSDT,bid,2140,4958.772
2024-09-06 22:21:00,ETHUSDT,bid,1950,5223.23
2024-09-06 22:21:00,ETHUSDT,bid,2220,5385.227
2024-09-06 22:21:00,ETHUSDT,bid,2230,5403.104
2024-09-06 22:21:01,ETHUSDT,bid,2230,5401.698
2024-09-06 22:21:01,ETHUSDT,bid,2230,5129.686
2024-09-06 22:21:01,ETHUSDT,bid,2240,5172.817
2024-09-06 22:21:01,ETHUSDT,bid,2220,5186.388
2024-09-06 22:21:01,ETHUSDT,bid,2240,5458.72
2024-09-06 22:21:04,ETHUSDT,bid,1960,5562.685
2024-09-06 22:21:04,ETHUSDT,bid,2250,4591.23
2024-09-06 22:21:04,ETHUSDT,bid,2230,5131.928
2024-09-06 22:21:04,ETHUSDT,bid,2200,5166.203
2024-09-06 22:21:05,ETHUSDT,bid,2220,5385.217
2024-09-06 22:21:07,ETHUSDT,bid,2220,5386.217
2024-09-06 22:21:08,ETHUSDT,bid,2240,5171.518
2024-09-06 22:21:08,ETHUSDT,bid,2230,5401.787
2024-09-06 22:21:09,ETHUSDT,bid,2220,5387.286
2024-09-06 22:21:10,ETHUSDT,bid,2230,5402.318
2024-09-06 22:21:11,ETHUSDT,bid,2250,4591.32
2024-09-06 22:21:11,ETHUSDT,bid,2230,5135.475
2024-09-06 22:21:11,ETHUSDT,bid,2220,5187.184
2024-09-06 22:21:12,ETHUSDT,bid,2250,4591.23
2024-09-06 22:21:13,ETHUSDT,bid,2230,5400.318
2024-09-06 22:21:13,ETHUSDT,bid,2230,5400.368
2024-09-06 22:21:15,ETHUSDT,bid,2230,4494.282
2024-09-06 22:21:15,ETHUSDT,bid,2230,5400.359
2024-09-06 22:21:17,ETHUSDT,bid,2250,4591.432
2024-09-06 22:21:17,ETHUSDT,bid,2230,4495.687
2024-09-06 22:21:17,ETHUSDT,bid,2250,4591.454
2024-09-06 22:21:18,ETHUSDT,bid,2230,5400.859
2024-09-06 22:21:19,ETHUSDT,bid,2230,5367.563
2024-09-06 22:21:21,ETHUSDT,bid,2250,4588.954
2024-09-06 22:21:23,ETHUSDT,bid,2220,5388.286
2024-09-06 22:21:23,ETHUSDT,bid,2220,5390.538
2024-09-06 22:21:23,ETHUSDT,bid,1700,6088.493
2024-09-06 22:21:23,ETHUSDT,bid,2220,5187.034
2024-09-06 22:21:24,ETHUSDT,bid,2230,5378.896
2024-09-06 22:21:25,ETHUSDT,bid,2140,4959.239
2024-09-06 22:21:25,ETHUSDT,bid,2230,5498.896
2024-09-06 22:21:26,ETHUSDT,bid,2230,4495.709
2024-09-06 22:21:26,ETHUSDT,bid,2240,5177.518
2024-09-06 22:21:27,ETHUSDT,bid,2220,5390.448
2024-09-06 22:21:29,ETHUSDT,bid,2230,5498.905
2024-09-06 22:21:29,ETHUSDT,bid,2240,5460.514
2024-09-06 22:21:30,ETHUSDT,bid,2240,5177.584
2024-09-06 22:21:31,ETHUSDT,bid,2230,5015.653
2024-09-06 22:21:31,ETHUSDT,bid,2250,4595.551
2024-09-06 22:21:31,ETHUSDT,bid,2220,5390.525
2024-09-06 22:21:31,ETHUSDT,bid,2240,5460.31
2024-09-06 22:21:32,ETHUSDT,bid,2220,4526.389
2024-09-06 22:21:32,ETHUSDT,bid,2220,5187.146
2024-09-06 22:21:32,ETHUSDT,bid,2240,5177.084
2024-09-06 22:21:33,ETHUSDT,bid,2250,4595.866
2024-09-06 22:21:33,ETHUSDT,bid,2240,5460.332
2024-09-06 22:21:33,ETHUSDT,bid,2200,4565.447
2024-09-06 22:21:33,ETHUSDT,bid,2220,5187.135
2024-09-06 22:21:34,ETHUSDT,bid,2140,4958.954
2024-09-06 22:21:34,ETHUSDT,bid,2250,4595.422
2024-09-06 22:21:35,ETHUSDT,bid,2250,4595.512
2024-09-06 22:21:35,ETHUSDT,bid,2250,4595.422
2024-09-06 22:21:36,ETHUSDT,bid,2230,5499.471
2024-09-06 22:21:37,ETHUSDT,bid,2240,5459.568
2024-09-06 22:21:37,ETHUSDT,bid,2240,5460.359
2024-09-06 22:21:38,ETHUSDT,bid,2230,5499.493
2024-09-06 22:21:38,ETHUSDT,bid,2240,5460.37
2024-09-06 22:21:40,ETHUSDT,bid,2230,5499.359
2024-09-06 22:21:40,ETHUSDT,bid,2200,5166.657
2024-09-06 22:21:41,ETHUSDT,bid,2230,5499.37
2024-09-06 22:21:42,ETHUSDT,bid,2200,4576.478
2024-09-06 22:21:42,ETHUSDT,bid,2220,5390.547
2024-09-06 22:21:43,ETHUSDT,bid,2200,4576.433
2024-09-06 22:21:43,ETHUSDT,bid,2230,5499.32
2024-09-06 22:21:44,ETHUSDT,bid,2200,5166.699
2024-09-06 22:21:44,ETHUSDT,bid,2220,5390.144
2024-09-06 22:21:44,ETHUSDT,bid,2210,4554.482
2024-09-06 22:21:45,ETHUSDT,bid,2200,4576.478
2024-09-06 22:21:45,ETHUSDT,bid,2200,4565.492
2024-09-06 22:21:45,ETHUSDT,bid,2200,4565.447
2024-09-06 22:21:45,ETHUSDT,bid,2200,4576.433
2024-09-06 22:21:45,ETHUSDT,bid,2210,4554.437
2024-09-06 22:21:46,ETHUSDT,bid,2250,4588.825
2024-09-06 22:21:46,ETHUSDT,bid,2220,5390.155
2024-09-06 22:21:48,ETHUSDT,bid,2220,5525.29
2024-09-06 22:21:48,ETHUSDT,bid,2210,4689.816
2024-09-06 22:21:48,ETHUSDT,bid,2230,5521.215
2024-09-06 22:21:48,ETHUSDT,bid,2210,4554.437
2024-09-06 22:21:48,ETHUSDT,bid,2220,5390.155
2024-09-06 22:21:49,ETHUSDT,bid,2220,5390.111
2024-09-06 22:21:49,ETHUSDT,bid,2070,9678.109
2024-09-06 22:21:49,ETHUSDT,bid,2140,4958.912
2024-09-06 22:21:49,ETHUSDT,bid,2140,9357.669
2024-09-06 22:21:49,ETHUSDT,bid,2220,5390.069
2024-09-06 22:21:49,ETHUSDT,bid,2220,5187.093
2024-09-06 22:21:49,ETHUSDT,bid,2230,5521.173
2024-09-06 22:21:49,ETHUSDT,bid,2230,5135.433
2024-09-06 22:21:49,ETHUSDT,bid,2240,5460.328
2024-09-06 22:21:49,ETHUSDT,bid,2240,5177.042
2024-09-06 22:21:49,ETHUSDT,bid,2200,5168.97
2024-09-06 22:21:50,ETHUSDT,bid,2230,5014.815
2024-09-06 22:21:50,ETHUSDT,bid,2220,5387.882
2024-09-06 22:21:53,ETHUSDT,bid,2220,5387.84
2024-09-06 22:21:53,ETHUSDT,bid,2220,4536.257
2024-09-06 22:21:54,ETHUSDT,bid,2200,5169.424
2024-09-06 22:21:54,ETHUSDT,bid,2240,5461.041
2024-09-06 22:21:55,ETHUSDT,bid,2230,5521.373
2024-09-06 22:21:55,ETHUSDT,bid,2240,5186.048
2024-09-06 22:21:56,ETHUSDT,bid,2230,5528.285
2024-09-06 22:21:56,ETHUSDT,bid,2230,5528.374
2024-09-06 22:21:58,ETHUSDT,bid,2230,4495.261
2024-09-06 22:21:59,ETHUSDT,bid,2240,5461.093
2024-09-06 22:21:59,ETHUSDT,bid,2230,5538.374
2024-09-06 22:22:00,ETHUSDT,bid,2240,5188.272
2024-09-06 22:22:01,ETHUSDT,bid,2230,5538.385
2024-09-06 22:22:02,ETHUSDT,bid,2230,5543.385
2024-09-06 22:22:04,ETHUSDT,bid,2230,5133.191
2024-09-06 22:22:05,ETHUSDT,bid,2230,5543.296
2024-09-06 22:22:07,ETHUSDT,bid,2220,5187.532
2024-09-06 22:22:10,ETHUSDT,bid,2240,5188.877
2024-09-06 22:22:11,ETHUSDT,bid,2250,4590.689
2024-09-06 22:22:12,ETHUSDT,bid,2250,4588.825
2024-09-06 22:22:13,ETHUSDT,bid,2230,5133.91
2024-09-06 22:22:13,ETHUSDT,bid,2220,5197.532
2024-09-06 22:22:15,ETHUSDT,bid,2250,4589.066
2024-09-06 22:22:16,ETHUSDT,bid,2140,4958.924
2024-09-06 22:22:17,ETHUSDT,bid,2220,5387.861
2024-09-06 22:22:19,ETHUSDT,bid,2230,4495.512
2024-09-06 22:22:19,ETHUSDT,bid,2200,4565.451
2024-09-06 22:22:20,ETHUSDT,bid,2240,5461.738
2024-09-06 22:22:20,ETHUSDT,bid,2230,4500.688
2024-09-06 22:22:20,ETHUSDT,bid,2220,5387.728
2024-09-06 22:22:20,ETHUSDT,bid,2240,5210.694
2024-09-06 22:22:22,ETHUSDT,bid,2220,5388.178
2024-09-06 22:22:24,ETHUSDT,bid,2230,5543.865
2024-09-06 22:22:28,ETHUSDT,bid,2220,5388.403
2024-09-06 22:22:28,ETHUSDT,bid,2140,9357.681
2024-09-06 22:22:28,ETHUSDT,bid,2220,5388.44
2024-09-06 22:22:28,ETHUSDT,bid,2230,5133.945
2024-09-06 22:22:29,ETHUSDT,bid,2220,5387.44
2024-09-06 22:22:29,ETHUSDT,bid,2200,5169.482
2024-09-06 22:22:32,ETHUSDT,bid,2250,4587.604
2024-09-06 22:22:36,ETHUSDT,bid,2220,5387.478
2024-09-06 22:22:36,ETHUSDT,bid,2230,5543.903
2024-09-06 22:22:36,ETHUSDT,bid,2240,5461.776
2024-09-06 22:22:37,ETHUSDT,bid,2240,5210.597
2024-09-06 22:22:39,ETHUSDT,bid,2240,5448.811
2024-09-06 22:22:40,ETHUSDT,bid,2140,4958.947
2024-09-06 22:22:41,ETHUSDT,bid,2230,5566.323
2024-09-06 22:22:41,ETHUSDT,bid,2240,5188.326
2024-09-06 22:22:44,ETHUSDT,bid,2250,4588.048
2024-09-06 22:22:45,ETHUSDT,bid,2240,5166.509
2024-09-06 22:22:45,ETHUSDT,bid,2250,4602.562
2024-09-06 22:22:46,ETHUSDT,bid,2220,5390.478
2024-09-06 22:22:47,ETHUSDT,bid,2230,5566.423
2024-09-06 22:22:48,ETHUSDT,bid,2220,5389.83
2024-09-06 22:22:48,ETHUSDT,bid,2220,5424.864
2024-09-06 22:22:48,ETHUSDT,bid,2220,5153.038
2024-09-06 22:22:48,ETHUSDT,bid,2250,4602.662
2024-09-06 22:22:50,ETHUSDT,bid,2230,5566.823
2024-09-06 22:22:55,ETHUSDT,bid,2230,5134.095
2024-09-06 22:22:56,ETHUSDT,bid,2200,5169.54
2024-09-06 22:22:56,ETHUSDT,bid,2220,5167.599
2024-09-06 22:22:57,ETHUSDT,bid,2220,5153.038
2024-09-06 22:22:58,ETHUSDT,bid,2220,4540.977
2024-09-06 22:22:58,ETHUSDT,bid,2220,4526.389
2024-09-06 22:23:01,ETHUSDT,bid,2250,4588.148
2024-09-06 22:23:03,ETHUSDT,bid,2140,4955.286
2024-09-06 22:23:07,ETHUSDT,bid,2220,5419.864
2024-09-06 22:23:07,ETHUSDT,bid,2200,4575.581
2024-09-06 22:23:07,ETHUSDT,bid,2200,5175.431
2024-09-06 22:23:07,ETHUSDT,bid,2240,5166.359
2024-09-06 22:23:08,ETHUSDT,bid,2240,5234.049
2024-09-06 22:23:08,ETHUSDT,bid,2230,5134.188
2024-09-06 22:23:08,ETHUSDT,bid,2240,5233.849
2024-09-06 22:23:11,ETHUSDT,bid,2230,5567.823
2024-09-06 22:23:11,ETHUSDT,bid,2240,5448.82
2024-09-06 22:23:12,ETHUSDT,bid,2220,5419.941
2024-09-06 22:23:14,ETHUSDT,bid,2250,4592.674
2024-09-06 22:23:15,ETHUSDT,bid,2240,5166.159
2024-09-06 22:23:17,ETHUSDT,bid,2240,5448.977
2024-09-06 22:23:17,ETHUSDT,bid,2240,5230.542
2024-09-06 22:23:17,ETHUSDT,bid,2200,5175.487
2024-09-06 22:23:19,ETHUSDT,bid,2230,5568.271
2024-09-06 22:23:19,ETHUSDT,bid,2240,5230.551
2024-09-06 22:23:22,ETHUSDT,bid,2240,5166.168
2024-09-06 22:23:24,ETHUSDT,bid,2250,4592.498
2024-09-06 22:23:25,ETHUSDT,bid,2230,5568.405
2024-09-06 22:23:25,ETHUSDT,bid,2220,5419.951
2024-09-06 22:23:25,ETHUSDT,bid,2250,4592.528
2024-09-06 22:23:28,ETHUSDT,bid,2250,4592.728
2024-09-06 22:23:30,ETHUSDT,bid,2220,5419.471
2024-09-06 22:23:35,ETHUSDT,bid,2230,5568.451
2024-09-06 22:23:35,ETHUSDT,bid,2230,5134.225
2024-09-06 22:23:35,ETHUSDT,bid,2200,5175.547
2024-09-06 22:23:35,ETHUSDT,bid,2250,4592.528
2024-09-06 22:23:36,ETHUSDT,bid,2220,5419.694
2024-09-06 22:23:36,ETHUSDT,bid,2240,5449.512
2024-09-06 22:23:37,ETHUSDT,bid,2230,5568.473
2024-09-06 22:23:37,ETHUSDT,bid,2230,5568.973
2024-09-06 22:23:39,ETHUSDT,bid,2250,4590.028
2024-09-06 22:23:39,ETHUSDT,bid,2240,5167.058
2024-09-06 22:23:41,ETHUSDT,bid,2220,4523.389
2024-09-06 22:23:41,ETHUSDT,bid,2240,5189.329
2024-09-06 22:23:47,ETHUSDT,bid,2230,5568.989
2024-09-06 22:23:47,ETHUSDT,bid,2240,5449.412
2024-09-06 22:23:48,ETHUSDT,bid,2250,4587.772
2024-09-06 22:23:50,ETHUSDT,bid,2200,5175.352
2024-09-06 22:23:50,ETHUSDT,bid,2230,5568.069
2024-09-06 22:23:52,ETHUSDT,bid,2240,5450.081
2024-09-06 22:23:53,ETHUSDT,bid,2230,5568.319
2024-09-06 22:23:53,ETHUSDT,bid,2140,4955.486
2024-09-06 22:23:56,ETHUSDT,bid,2240,5450.041
2024-09-06 22:23:58,ETHUSDT,bid,2220,4551.212
2024-09-06 22:23:59,ETHUSDT,bid,2250,4582.772
2024-09-06 22:24:02,ETHUSDT,bid,2220,5419.656
2024-09-06 22:24:02,ETHUSDT,bid,2230,5568.281
2024-09-06 22:24:02,ETHUSDT,bid,2240,5450.003
2024-09-06 22:24:06,ETHUSDT,bid,2220,5419.518
2024-09-06 22:24:06,ETHUSDT,bid,2220,5153.175
2024-09-06 22:24:08,ETHUSDT,bid,2220,5419.743
2024-09-06 22:24:09,ETHUSDT,bid,2240,5450.328
2024-09-06 22:24:11,ETHUSDT,bid,2230,5568.781
2024-09-06 22:24:12,ETHUSDT,bid,1960,5563.093
2024-09-06 22:24:13,ETHUSDT,bid,2230,5568.86
2024-09-06 22:24:14,ETHUSDT,bid,2200,4565.435
2024-09-06 22:24:17,ETHUSDT,bid,2200,5166.214
2024-09-06 22:24:17,ETHUSDT,bid,2240,5189.591
2024-09-06 22:24:17,ETHUSDT,bid,2240,5449.528
2024-09-06 22:24:18,ETHUSDT,bid,2230,4507.977
2024-09-06 22:24:19,ETHUSDT,bid,2240,5189.638
2024-09-06 22:24:20,ETHUSDT,bid,2200,5166.028
2024-09-06 22:24:20,ETHUSDT,bid,2200,5166.317
2024-09-06 22:24:22,ETHUSDT,bid,2200,5166.453
2024-09-06 22:24:22,ETHUSDT,bid,2200,4566.635
2024-09-06 22:24:23,ETHUSDT,bid,2200,5166.37
2024-09-06 22:24:25,ETHUSDT,bid,2200,5166.475
2024-09-06 22:24:26,ETHUSDT,bid,2220,5419.753
2024-09-06 22:24:26,ETHUSDT,bid,2220,4533.389
2024-09-06 22:24:27,ETHUSDT,bid,2200,5166.738
2024-09-06 22:24:28,ETHUSDT,bid,1700,6088.643
2024-09-06 22:24:29,ETHUSDT,bid,2200,5165.457
2024-09-06 22:24:29,ETHUSDT,bid,2200,5165.355
2024-09-06 22:24:31,ETHUSDT,bid,2200,5165.25
2024-09-06 22:24:31,ETHUSDT,bid,2140,4952.827
2024-09-06 22:24:32,ETHUSDT,bid,2230,5546.44
2024-09-06 22:24:34,ETHUSDT,bid,2220,4551.223
2024-09-06 22:24:36,ETHUSDT,bid,2250,4582.824
2024-09-06 22:24:39,ETHUSDT,bid,2200,5165.283
2024-09-06 22:24:42,ETHUSDT,bid,2240,5190.538
2024-09-06 22:24:43,ETHUSDT,bid,1700,6088.793
2024-09-06 22:24:43,ETHUSDT,bid,2250,4583.318
2024-09-06 22:24:44,ETHUSDT,bid,2230,5137.618
2024-09-06 22:24:44,ETHUSDT,bid,2200,5165.533
2024-09-06 22:24:44,ETHUSDT,bid,2200,5165.638
2024-09-06 22:24:46,ETHUSDT,bid,2240,5450.528
2024-09-06 22:24:46,ETHUSDT,bid,2200,5165.72
2024-09-06 22:24:48,ETHUSDT,bid,2250,4583.328
2024-09-06 22:24:49,ETHUSDT,bid,2200,5165.73
2024-09-06 22:24:49,ETHUSDT,bid,2220,5153.153
2024-09-06 22:24:50,ETHUSDT,bid,2240,5450.628
2024-09-06 22:24:52,ETHUSDT,bid,2200,5152.257
2024-09-06 22:24:53,ETHUSDT,bid,2200,5154.257
2024-09-06 22:24:53,ETHUSDT,bid,2070,9678.083
2024-09-06 22:24:53,ETHUSDT,bid,2200,5154.231
2024-09-06 22:24:53,ETHUSDT,bid,2220,5153.127
2024-09-06 22:24:56,ETHUSDT,bid,2200,5153.241
2024-09-06 22:24:56,ETHUSDT,bid,2200,5148.241
2024-09-06 22:24:56,ETHUSDT,bid,2240,5191.34
2024-09-06 22:24:59,ETHUSDT,bid,2230,5545.94
2024-09-06 22:24:59,ETHUSDT,bid,2200,5147.02
2024-09-06 22:24:59,ETHUSDT,bid,2200,5145.249
2024-09-06 22:24:59,ETHUSDT,bid,2230,4506.572
2024-09-06 22:25:02,ETHUSDT,bid,2240,5450.766
2024-09-06 22:25:02,ETHUSDT,bid,2230,5555.94
2024-09-06 22:25:02,ETHUSDT,bid,2240,5449.926
2024-09-06 22:25:02,ETHUSDT,bid,2200,5142.977
2024-09-06 22:25:03,ETHUSDT,bid,2220,4533.361
2024-09-06 22:25:03,ETHUSDT,bid,2200,5142.988
2024-09-06 22:25:03,ETHUSDT,bid,2200,5143.988
2024-09-06 22:25:07,ETHUSDT,bid,2240,5190.708
2024-09-06 22:25:09,ETHUSDT,bid,2200,5144.351
2024-09-06 22:25:09,ETHUSDT,bid,2200,5146.351
2024-09-06 22:25:09,ETHUSDT,bid,2220,5419.783
2024-09-06 22:25:10,ETHUSDT,bid,2250,4585.538
2024-09-06 22:25:11,ETHUSDT,bid,2200,5146.283
2024-09-06 22:25:13,ETHUSDT,bid,2220,5152.575
2024-09-06 22:25:15,ETHUSDT,bid,2220,5419.793
2024-09-06 22:25:16,ETHUSDT,bid,2200,5147.848
2024-09-06 22:25:16,ETHUSDT,bid,2230,4508.045
2024-09-06 22:25:16,ETHUSDT,bid,2240,5189.808
2024-09-06 22:25:16,ETHUSDT,bid,2200,5147.938
2024-09-06 22:25:16,ETHUSDT,bid,2240,5194.262
2024-09-06 22:25:18,ETHUSDT,bid,2200,5147.787
2024-09-06 22:25:19,ETHUSDT,bid,2220,5152.585
2024-09-06 22:25:21,ETHUSDT,bid,2240,5191.166
2024-09-06 22:25:21,ETHUSDT,bid,2070,4822.122
2024-09-06 22:25:23,ETHUSDT,bid,2220,4535.22
2024-09-06 22:25:23,ETHUSDT,bid,2240,5192.166
2024-09-06 22:25:25,ETHUSDT,bid,2250,4583.328
2024-09-06 22:25:25,ETHUSDT,bid,2140,9360.478
2024-09-06 22:25:26,ETHUSDT,bid,2200,5148.014
2024-09-06 22:25:29,ETHUSDT,bid,2200,5148.514
2024-09-06 22:25:30,ETHUSDT,bid,2200,5163.246
2024-09-06 22:25:30,ETHUSDT,bid,2230,5555.949
2024-09-06 22:25:31,ETHUSDT,bid,2230,5556.129
2024-09-06 22:25:32,ETHUSDT,bid,2220,5419.905
2024-09-06 22:25:33,ETHUSDT,bid,2220,4533.361
2024-09-06 22:25:36,ETHUSDT,bid,2220,5519.905
2024-09-06 22:25:36,ETHUSDT,bid,2230,5136.733
2024-09-06 22:25:38,ETHUSDT,bid,2200,5163.294
2024-09-06 22:25:40,ETHUSDT,bid,2200,5163.39
2024-09-06 22:25:42,ETHUSDT,bid,2070,9676.883
2024-09-06 22:25:43,ETHUSDT,bid,2200,5163.163
2024-09-06 22:25:43,ETHUSDT,bid,2200,5164.163
2024-09-06 22:25:47,ETHUSDT,bid,2200,5164.072
2024-09-06 22:25:47,ETHUSDT,bid,2220,5520.405
2024-09-06 22:25:47,ETHUSDT,bid,2220,5520.783
2024-09-06 22:25:48,ETHUSDT,bid,2240,5450.005
2024-09-06 22:25:50,ETHUSDT,bid,2240,5748.897
2024-09-06 22:25:50,ETHUSDT,bid,2240,5450.091
2024-09-06 22:25:50,ETHUSDT,bid,2200,5163.936
2024-09-06 22:25:51,ETHUSDT,bid,2220,4535.53
2024-09-06 22:25:51,ETHUSDT,bid,2200,5163.982
2024-09-06 22:25:53,ETHUSDT,bid,2230,5555.857
2024-09-06 22:25:53,ETHUSDT,bid,2200,5164.282
2024-09-06 22:25:53,ETHUSDT,bid,2230,5141.205
2024-09-06 22:25:53,ETHUSDT,bid,2240,5445.628
2024-09-06 22:25:54,ETHUSDT,bid,2200,5164.272
2024-09-06 22:25:54,ETHUSDT,bid,2200,5164.282
2024-09-06 22:25:55,ETHUSDT,bid,2240,5192.157
2024-09-06 22:25:55,ETHUSDT,bid,2230,5000.025
2024-09-06 22:25:56,ETHUSDT,bid,2200,5174.633
2024-09-06 22:25:59,ETHUSDT,bid,2200,5164.352
2024-09-06 22:26:01,ETHUSDT,bid,2240,5445.728
2024-09-06 22:26:01,ETHUSDT,bid,2200,5164.304
2024-09-06 22:26:02,ETHUSDT,bid,2200,5164.258
2024-09-06 22:26:02,ETHUSDT,bid,2250,4583.304
2024-09-06 22:26:02,ETHUSDT,bid,2140,9360.444
2024-09-06 22:26:03,ETHUSDT,bid,2220,5518.481
2024-09-06 22:26:03,ETHUSDT,bid,2240,5192.472
2024-09-06 22:26:06,ETHUSDT,bid,2140,4898.733
2024-09-06 22:26:07,ETHUSDT,bid,2240,5445.995
2024-09-06 22:26:07,ETHUSDT,bid,2200,5166.75
2024-09-06 22:26:07,ETHUSDT,bid,2230,5141.214
2024-09-06 22:26:08,ETHUSDT,bid,2230,4508.075
2024-09-06 22:26:08,ETHUSDT,bid,2220,5517.481
2024-09-06 22:26:09,ETHUSDT,bid,2220,5153.483
2024-09-06 22:26:09,ETHUSDT,bid,2200,5166.815
2024-09-06 22:26:09,ETHUSDT,bid,2220,5517.5
2024-09-06 22:26:09,ETHUSDT,bid,2230,5555.876
2024-09-06 22:26:09,ETHUSDT,bid,2240,5446.013
2024-09-06 22:26:11,ETHUSDT,bid,2240,5192.607
2024-09-06 22:26:13,ETHUSDT,bid,2220,5517.82
2024-09-06 22:26:13,ETHUSDT,bid,2240,5446.022
2024-09-06 22:26:13,ETHUSDT,bid,2200,5166.361
2024-09-06 22:26:14,ETHUSDT,bid,2200,4567.422
2024-09-06 22:26:17,ETHUSDT,bid,2140,4899.013
2024-09-06 22:26:20,ETHUSDT,bid,2240,5192.616
2024-09-06 22:26:20,ETHUSDT,bid,2230,5560.36
2024-09-06 22:26:21,ETHUSDT,bid,2240,5190.392
2024-09-06 22:26:22,ETHUSDT,bid,2200,5166.815
2024-09-06 22:26:24,ETHUSDT,bid,2140,4908.358
2024-09-06 22:26:25,ETHUSDT,bid,2250,4583.282
2024-09-06 22:26:25,ETHUSDT,bid,2200,5174.848
2024-09-06 22:26:27,ETHUSDT,bid,2200,5189.88
2024-09-06 22:26:27,ETHUSDT,bid,2240,5190.424
2024-09-06 22:26:28,ETHUSDT,bid,2200,5190.88
2024-09-06 22:26:29,ETHUSDT,bid,2220,5517.839
2024-09-06 22:26:30,ETHUSDT,bid,2220,5153.791
2024-09-06 22:26:30,ETHUSDT,bid,2230,5560.919
2024-09-06 22:26:30,ETHUSDT,bid,2200,5193.585
2024-09-06 22:26:31,ETHUSDT,bid,2200,5182.516
2024-09-06 22:26:32,ETHUSDT,bid,2200,5183.516
2024-09-06 22:26:35,ETHUSDT,bid,2230,5560.908
2024-09-06 22:26:35,ETHUSDT,bid,2240,5446.008
2024-09-06 22:26:35,ETHUSDT,bid,2220,4536.53
2024-09-06 22:26:36,ETHUSDT,bid,2240,5181.418
2024-09-06 22:26:36,ETHUSDT,bid,2240,5181.479
2024-09-06 22:26:37,ETHUSDT,bid,2240,5190.485
2024-09-06 22:26:38,ETHUSDT,bid,2230,5560.952
2024-09-06 22:26:39,ETHUSDT,bid,2200,5194.879
2024-09-06 22:26:39,ETHUSDT,bid,2230,5560.996
2024-09-06 22:26:39,ETHUSDT,bid,2220,4551.267
2024-09-06 22:26:39,ETHUSDT,bid,2220,4551.223
2024-09-06 22:26:39,ETHUSDT,bid,2230,5560.952
2024-09-06 22:26:40,ETHUSDT,bid,2140,4908.472
2024-09-06 22:26:40,ETHUSDT,bid,2200,5194.797
2024-09-06 22:26:41,ETHUSDT,bid,2230,5562.009
2024-09-06 22:26:46,ETHUSDT,bid,2200,5195.933
2024-09-06 22:26:47,ETHUSDT,bid,2200,5196.473
2024-09-06 22:26:48,ETHUSDT,bid,2200,5196.7
2024-09-06 22:26:48,ETHUSDT,bid,2240,5445.741
2024-09-06 22:26:49,ETHUSDT,bid,2200,5195.952
2024-09-06 22:26:50,ETHUSDT,bid,2200,5195.429
2024-09-06 22:26:50,ETHUSDT,bid,2230,4508.164
2024-09-06 22:26:54,ETHUSDT,bid,2230,5563.075
2024-09-06 22:27:00,ETHUSDT,bid,2200,5196.539
2024-09-06 22:27:02,ETHUSDT,bid,2200,5196.579
2024-09-06 22:27:03,ETHUSDT,bid,2230,5565.317
2024-09-06 22:27:04,ETHUSDT,bid,2200,5196.604
2024-09-06 22:27:04,ETHUSDT,bid,2220,5519.339
2024-09-06 22:27:07,ETHUSDT,bid,2220,5519.361
2024-09-06 22:27:07,ETHUSDT,bid,2140,4911.914
2024-09-06 22:27:07,ETHUSDT,bid,2200,5196.773
2024-09-06 22:27:08,ETHUSDT,bid,2140,4912.101
2024-09-06 22:27:08,ETHUSDT,bid,2230,4512.446
2024-09-06 22:27:08,ETHUSDT,bid,2220,5520.261
2024-09-06 22:27:10,ETHUSDT,bid,2240,5190.35
2024-09-06 22:27:11,ETHUSDT,bid,2230,5560.317
2024-09-06 22:27:11,ETHUSDT,bid,2220,5518.761
2024-09-06 22:27:15,ETHUSDT,bid,2200,5196.37
2024-09-06 22:27:17,ETHUSDT,bid,2240,5191.05
2024-09-06 22:27:17,ETHUSDT,bid,2200,5209.27
2024-09-06 22:27:17,ETHUSDT,bid,2240,5445.827
2024-09-06 22:27:17,ETHUSDT,bid,2240,5191.123
2024-09-06 22:27:19,ETHUSDT,bid,2230,5560.765
2024-09-06 22:27:21,ETHUSDT,bid,2220,5174.769
2024-09-06 22:27:21,ETHUSDT,bid,2230,5560.206
2024-09-06 22:27:23,ETHUSDT,bid,2200,5209.497
2024-09-06 22:27:26,ETHUSDT,bid,2200,5209.587
2024-09-06 22:27:28,ETHUSDT,bid,2220,5518.941
2024-09-06 22:27:29,ETHUSDT,bid,2220,5249.769
2024-09-06 22:27:30,ETHUSDT,bid,2240,5550.813
2024-09-06 22:27:31,ETHUSDT,bid,2200,5210.087
2024-09-06 22:27:32,ETHUSDT,bid,2220,5268.147
2024-09-06 22:27:32,ETHUSDT,bid,2220,5519.941
2024-09-06 22:27:32,ETHUSDT,bid,2200,5209.633
2024-09-06 22:27:35,ETHUSDT,bid,2220,5520.196
2024-09-06 22:27:36,ETHUSDT,bid,2220,5269.045
2024-09-06 22:27:37,ETHUSDT,bid,2240,5191.302
2024-09-06 22:27:38,ETHUSDT,bid,2250,4578.756
2024-09-06 22:27:40,ETHUSDT,bid,2250,4588.756
2024-09-06 22:27:40,ETHUSDT,bid,2220,5520.016
2024-09-06 22:27:41,ETHUSDT,bid,2200,5222.832
2024-09-06 22:27:41,ETHUSDT,bid,2200,5222.945
2024-09-06 22:27:42,ETHUSDT,bid,2230,5133.007
2024-09-06 22:27:42,ETHUSDT,bid,2240,5546.719
2024-09-06 22:27:42,ETHUSDT,bid,2240,5187.216
2024-09-06 22:27:44,ETHUSDT,bid,2200,5222.958
2024-09-06 22:27:45,ETHUSDT,bid,2200,5222.599
2024-09-06 22:27:46,ETHUSDT,bid,2230,5560.611
2024-09-06 22:27:47,ETHUSDT,bid,2220,5520.922
2024-09-06 22:27:49,ETHUSDT,bid,2240,5187.248
2024-09-06 22:27:50,ETHUSDT,bid,2240,5546.748
2024-09-06 22:27:51,ETHUSDT,bid,2200,5222.556
2024-09-06 22:27:52,ETHUSDT,bid,2240,5547.661
2024-09-06 22:27:53,ETHUSDT,bid,2230,5560.641
2024-09-06 22:27:58,ETHUSDT,bid,2040,9804.265
2024-09-06 22:27:58,ETHUSDT,bid,2140,4912.46
2024-09-06 22:27:58,ETHUSDT,bid,2200,5222.575
2024-09-06 22:28:01,ETHUSDT,bid,2200,5223.029
2024-09-06 22:28:04,ETHUSDT,bid,2200,5223.326
2024-09-06 22:28:05,ETHUSDT,bid,2230,5561.089
2024-09-06 22:28:06,ETHUSDT,bid,2230,5561.149
2024-09-06 22:28:07,ETHUSDT,bid,2220,5529.93
2024-09-06 22:28:08,ETHUSDT,bid,2240,5547.884
2024-09-06 22:28:09,ETHUSDT,bid,2200,5223.433
2024-09-06 22:28:09,ETHUSDT,bid,2200,5223.451
2024-09-06 22:28:09,ETHUSDT,bid,2230,5561.282
2024-09-06 22:28:10,ETHUSDT,bid,1700,6088.112
2024-09-06 22:28:10,ETHUSDT,bid,2200,5223.048
2024-09-06 22:28:10,ETHUSDT,bid,2240,5442.898
2024-09-06 22:28:11,ETHUSDT,bid,1960,5593.093
2024-09-06 22:28:11,ETHUSDT,bid,2200,4566.655
2024-09-06 22:28:14,ETHUSDT,bid,2200,5224.048
2024-09-06 22:28:15,ETHUSDT,bid,2200,5223.941
2024-09-06 22:28:16,ETHUSDT,bid,2220,5530.38
2024-09-06 22:28:16,ETHUSDT,bid,2250,4590.056
2024-09-06 22:28:16,ETHUSDT,bid,2240,5442.812
2024-09-06 22:28:17,ETHUSDT,bid,2230,5561.272
2024-09-06 22:28:17,ETHUSDT,bid,2230,5133.017
2024-09-06 22:28:19,ETHUSDT,bid,2220,4536.642
2024-09-06 22:28:20,ETHUSDT,bid,2230,5560.824
2024-09-06 22:28:21,ETHUSDT,bid,2200,5225.363
2024-09-06 22:28:21,ETHUSDT,bid,2240,5187.47
2024-09-06 22:28:22,ETHUSDT,bid,2200,5225.408
2024-09-06 22:28:22,ETHUSDT,bid,2230,5132.246
2024-09-06 22:28:23,ETHUSDT,bid,2200,5219.651
2024-09-06 22:28:24,ETHUSDT,bid,2220,5534.884
2024-09-06 22:28:25,ETHUSDT,bid,2240,5441.312
2024-09-06 22:28:27,ETHUSDT,bid,2200,5219.695
2024-09-06 22:28:32,ETHUSDT,bid,2230,5561.093
2024-09-06 22:28:33,ETHUSDT,bid,2140,4912.693
2024-09-06 22:28:36,ETHUSDT,bid,2200,4568.655
2024-09-06 22:28:36,ETHUSDT,bid,2200,5219.468
2024-09-06 22:28:38,ETHUSDT,bid,2240,5441.758
2024-09-06 22:28:41,ETHUSDT,bid,2220,5535.084
2024-09-06 22:28:41,ETHUSDT,bid,2220,5269.513
2024-09-06 22:28:42,ETHUSDT,bid,2200,5221.939
2024-09-06 22:28:45,ETHUSDT,bid,2200,5220.939
2024-09-06 22:28:47,ETHUSDT,bid,2240,5391.758
2024-09-06 22:28:47,ETHUSDT,bid,2230,5131.547
2024-09-06 22:28:51,ETHUSDT,bid,2200,5220.795
2024-09-06 22:28:59,ETHUSDT,bid,2240,5187.819
2024-09-06 22:28:59,ETHUSDT,bid,2200,5221.011
2024-09-06 22:28:59,ETHUSDT,bid,2220,5534.764
2024-09-06 22:29:00,ETHUSDT,bid,2250,4589.776
2024-09-06 22:29:02,ETHUSDT,bid,2200,5221.132
2024-09-06 22:29:02,ETHUSDT,bid,2250,4591.108
2024-09-06 22:29:05,ETHUSDT,bid,2220,5269.524
2024-09-06 22:29:07,ETHUSDT,bid,2240,5386.758
2024-09-06 22:29:08,ETHUSDT,bid,2200,5221.399
2024-09-06 22:29:10,ETHUSDT,bid,2240,5387.274
2024-09-06 22:29:13,ETHUSDT,bid,2200,5221.853
2024-09-06 22:29:13,ETHUSDT,bid,2220,5269.624
2024-09-06 22:29:14,ETHUSDT,bid,2220,5194.624
2024-09-06 22:29:15,ETHUSDT,bid,2220,5534.866
2024-09-06 22:29:17,ETHUSDT,bid,2200,5221.863
2024-09-06 22:29:19,ETHUSDT,bid,2200,5221.409
2024-09-06 22:29:19,ETHUSDT,bid,2210,4554.467
2024-09-06 22:29:20,ETHUSDT,bid,2220,4526.642
2024-09-06 22:29:21,ETHUSDT,bid,2230,5561.308
2024-09-06 22:29:26,ETHUSDT,bid,2200,5221.509
2024-09-06 22:29:26,ETHUSDT,bid,2200,5175.848
2024-09-06 22:29:27,ETHUSDT,bid,2200,5218.782
2024-09-06 22:29:27,ETHUSDT,bid,2200,5219.463
2024-09-06 22:29:32,ETHUSDT,bid,2200,5219.473
2024-09-06 22:29:36,ETHUSDT,bid,2200,5222.927
2024-09-06 22:29:36,ETHUSDT,bid,2250,4590.793
2024-09-06 22:29:38,ETHUSDT,bid,2220,5194.674
2024-09-06 22:29:39,ETHUSDT,bid,2200,5227.668
2024-09-06 22:29:43,ETHUSDT,bid,2200,5175.394
2024-09-06 22:29:43,ETHUSDT,bid,2220,4526.192
2024-09-06 22:29:46,ETHUSDT,bid,2200,5227.707
2024-09-06 22:29:48,ETHUSDT,bid,2230,4512.894
2024-09-06 22:29:48,ETHUSDT,bid,2240,5387.396
2024-09-06 22:29:48,ETHUSDT,bid,2250,4595.592
2024-09-06 22:29:49,ETHUSDT,bid,2220,5195.122
2024-09-06 22:29:50,ETHUSDT,bid,2220,4656.344
2024-09-06 22:29:54,ETHUSDT,bid,2200,5227.717
2024-09-06 22:29:55,ETHUSDT,bid,2250,4705.764
2024-09-06 22:29:55,ETHUSDT,bid,2220,5535.366
2024-09-06 22:29:55,ETHUSDT,bid,2250,4595.592
2024-09-06 22:30:01,ETHUSDT,bid,2250,4594.26
2024-09-06 22:30:03,ETHUSDT,bid,2250,4638.673
2024-09-06 22:30:09,ETHUSDT,bid,2220,5532.366
2024-09-06 22:30:09,ETHUSDT,bid,2230,5567.421
2024-09-06 22:30:12,ETHUSDT,bid,2200,5227.604
2024-09-06 22:30:13,ETHUSDT,bid,2240,5412.399
2024-09-06 22:30:14,ETHUSDT,bid,2220,5534.328
2024-09-06 22:30:23,ETHUSDT,bid,2240,5742.945
2024-09-06 22:30:25,ETHUSDT,bid,2200,5227.672
2024-09-06 22:30:26,ETHUSDT,bid,2240,5411.883
2024-09-06 22:30:31,ETHUSDT,bid,2200,5227.772
2024-09-06 22:30:36,ETHUSDT,bid,2240,5187.798
2024-09-06 22:30:37,ETHUSDT,bid,2230,5567.016
2024-09-06 22:30:38,ETHUSDT,bid,2230,5565.95
2024-09-06 22:30:39,ETHUSDT,bid,2200,5227.885
2024-09-06 22:30:46,ETHUSDT,bid,2230,5566.944
2024-09-06 22:30:46,ETHUSDT,bid,2230,5132.759
2024-09-06 22:30:46,ETHUSDT,bid,2250,4594.26
2024-09-06 22:30:51,ETHUSDT,bid,1960,5593.169
2024-09-06 22:30:51,ETHUSDT,bid,2220,5531.103
2024-09-06 22:30:52,ETHUSDT,bid,2230,5132.609
2024-09-06 22:30:56,ETHUSDT,bid,2200,5228.885
2024-09-06 22:30:56,ETHUSDT,bid,2230,4515.637
2024-09-06 22:30:58,ETHUSDT,bid,2230,5133.275
2024-09-06 22:31:01,ETHUSDT,bid,2200,5228.431
2024-09-06 22:31:01,ETHUSDT,bid,2200,5225.964
2024-09-06 22:31:01,ETHUSDT,bid,2200,5226.32
2024-09-06 22:31:03,ETHUSDT,bid,2230,5144.033
2024-09-06 22:31:15,ETHUSDT,bid,2200,5225.32
2024-09-06 22:31:23,ETHUSDT,bid,2240,5178.792
2024-09-06 22:31:23,ETHUSDT,bid,2240,5411.95
2024-09-06 22:31:24,ETHUSDT,bid,2200,5225.82
2024-09-06 22:31:24,ETHUSDT,bid,2240,5187.798
2024-09-06 22:31:25,ETHUSDT,bid,2200,5226.32
2024-09-06 22:31:25,ETHUSDT,bid,2200,4569.563
2024-09-06 22:31:27,ETHUSDT,bid,2200,5222.866
2024-09-06 22:31:30,ETHUSDT,bid,2240,5187.847
2024-09-06 22:31:30,ETHUSDT,bid,2230,5152.607
2024-09-06 22:31:30,ETHUSDT,bid,2240,5411.893
2024-09-06 22:31:33,ETHUSDT,bid,2220,5195.172
2024-09-06 22:31:33,ETHUSDT,bid,2230,5152.707
2024-09-06 22:31:35,ETHUSDT,bid,2230,5567.391
2024-09-06 22:31:36,ETHUSDT,bid,2250,4599.26
2024-09-06 22:31:41,ETHUSDT,bid,2200,5222.886
2024-09-06 22:31:42,ETHUSDT,bid,2200,5222.773
2024-09-06 22:31:43,ETHUSDT,bid,2230,5567.098
2024-09-06 22:31:45,ETHUSDT,bid,2230,5567.598
2024-09-06 22:31:47,ETHUSDT,bid,2200,4569.574
2024-09-06 22:31:49,ETHUSDT,bid,2200,5221.773
2024-09-06 22:31:50,ETHUSDT,bid,2200,5222.431
2024-09-06 22:31:50,ETHUSDT,bid,2220,4525.534
2024-09-06 22:31:50,ETHUSDT,bid,2230,5565.356
2024-09-06 22:31:58,ETHUSDT,bid,2200,5223.431
2024-09-06 22:31:59,ETHUSDT,bid,2220,5531.131
2024-09-06 22:31:59,ETHUSDT,bid,2200,5224.026
2024-09-06 22:32:01,ETHUSDT,bid,2230,5141.949
2024-09-06 22:32:06,ETHUSDT,bid,2220,5535.635
2024-09-06 22:32:08,ETHUSDT,bid,2230,5564.908
2024-09-06 22:32:11,ETHUSDT,bid,2200,5224.071
2024-09-06 22:32:11,ETHUSDT,bid,2140,4913.213
2024-09-06 22:32:13,ETHUSDT,bid,2200,5223.476
2024-09-06 22:32:21,ETHUSDT,bid,2230,5564.886
2024-09-06 22:32:22,ETHUSDT,bid,2200,5223.295
2024-09-06 22:32:27,ETHUSDT,bid,2200,5223.883
2024-09-06 22:32:27,ETHUSDT,bid,2140,9360.434
2024-09-06 22:32:27,ETHUSDT,bid,2230,5141.939
2024-09-06 22:32:28,ETHUSDT,bid,2200,5223.823
2024-09-06 22:32:30,ETHUSDT,bid,2200,5175.594
2024-09-06 22:32:30,ETHUSDT,bid,2220,5535.804
2024-09-06 22:32:33,ETHUSDT,bid,2200,5224.023
2024-09-06 22:32:34,ETHUSDT,bid,2220,5536.045
2024-09-06 22:32:37,ETHUSDT,bid,2220,5537.244
2024-09-06 22:32:38,ETHUSDT,bid,2200,5224.265
2024-09-06 22:32:39,ETHUSDT,bid,2200,5224.065
2024-09-06 22:32:41,ETHUSDT,bid,2230,5141.992
2024-09-06 22:32:42,ETHUSDT,bid,2240,5188.861
2024-09-06 22:32:43,ETHUSDT,bid,2240,5411.193
2024-09-06 22:32:45,ETHUSDT,bid,2200,5224.265
2024-09-06 22:32:46,ETHUSDT,bid,2240,5411.238
2024-09-06 22:32:46,ETHUSDT,bid,2200,5224.305
2024-09-06 22:32:47,ETHUSDT,bid,2220,5538.011
2024-09-06 22:32:47,ETHUSDT,bid,2220,5502.977
2024-09-06 22:32:48,ETHUSDT,bid,2230,5565.424
2024-09-06 22:32:50,ETHUSDT,bid,2200,5223.851
2024-09-06 22:32:53,ETHUSDT,bid,2220,5507.031
2024-09-06 22:32:54,ETHUSDT,bid,2240,5415.702
2024-09-06 22:32:57,ETHUSDT,bid,2250,4597.26
2024-09-06 22:32:58,ETHUSDT,bid,2230,5566.186
2024-09-06 22:33:00,ETHUSDT,bid,2200,5221.38
2024-09-06 22:33:00,ETHUSDT,bid,2220,5519.431
2024-09-06 22:33:02,ETHUSDT,bid,2200,5221.39
2024-09-06 22:33:08,ETHUSDT,bid,2230,5130.992
2024-09-06 22:33:09,ETHUSDT,bid,2250,4597.46
2024-09-06 22:33:09,ETHUSDT,bid,2200,5224.902
2024-09-06 22:33:11,ETHUSDT,bid,2240,5415.635
2024-09-06 22:33:11,ETHUSDT,bid,2200,5225.356
2024-09-06 22:33:14,ETHUSDT,bid,2220,5519.42
2024-09-06 22:33:22,ETHUSDT,bid,2200,5225.406
2024-09-06 22:33:23,ETHUSDT,bid,2220,5199.666
2024-09-06 22:33:25,ETHUSDT,bid,2200,5221.894
2024-09-06 22:33:25,ETHUSDT,bid,2230,5130.892
2024-09-06 22:33:25,ETHUSDT,bid,2240,5188.961
2024-09-06 22:33:28,ETHUSDT,bid,2200,5220.894
2024-09-06 22:33:28,ETHUSDT,bid,2220,5198.666
2024-09-06 22:33:28,ETHUSDT,bid,2200,5220.922
2024-09-06 22:33:31,ETHUSDT,bid,2200,5221.422
2024-09-06 22:33:31,ETHUSDT,bid,2240,5417.085
2024-09-06 22:33:32,ETHUSDT,bid,2140,4920.221
2024-09-06 22:33:33,ETHUSDT,bid,2200,5221.622
2024-09-06 22:33:34,ETHUSDT,bid,2220,4656.844
2024-09-06 22:33:43,ETHUSDT,bid,2240,5189.461
2024-09-06 22:33:48,ETHUSDT,bid,2200,5224.009
2024-09-06 22:33:49,ETHUSDT,bid,2200,5175.989
2024-09-06 22:33:53,ETHUSDT,bid,2200,5223.793
2024-09-06 22:33:55,ETHUSDT,bid,2200,5224.247
2024-09-06 22:33:56,ETHUSDT,bid,2200,5224.456
2024-09-06 22:33:56,ETHUSDT,bid,2200,5218.547
2024-09-06 22:34:00,ETHUSDT,bid,2230,5131.892
2024-09-06 22:34:02,ETHUSDT,bid,2200,4575.574
2024-09-06 22:34:04,ETHUSDT,bid,2230,5002.229
2024-09-06 22:34:08,ETHUSDT,bid,2200,5219.547
2024-09-06 22:34:08,ETHUSDT,bid,2200,5219.411
2024-09-06 22:34:13,ETHUSDT,bid,2220,5519.599
2024-09-06 22:34:14,ETHUSDT,bid,2250,4600.46
2024-09-06 22:34:17,ETHUSDT,bid,2240,5189.594
2024-09-06 22:34:18,ETHUSDT,bid,2230,5566.336
2024-09-06 22:34:19,ETHUSDT,bid,2230,5526.336
2024-09-06 22:34:20,ETHUSDT,bid,2230,5000.025
2024-09-06 22:34:25,ETHUSDT,bid,2200,5219.435
2024-09-06 22:34:27,ETHUSDT,bid,2230,5131.882
2024-09-06 22:34:29,ETHUSDT,bid,2200,5219.297
2024-09-06 22:34:39,ETHUSDT,bid,2200,5216.543
2024-09-06 22:34:40,ETHUSDT,bid,2200,5216.633
2024-09-06 22:34:45,ETHUSDT,bid,2220,5198.616
2024-09-06 22:34:48,ETHUSDT,bid,2230,4515.626
2024-09-06 22:34:51,ETHUSDT,bid,2230,5536.336
2024-09-06 22:34:55,ETHUSDT,bid,2140,9358.971
2024-09-06 22:34:58,ETHUSDT,bid,2240,5192.113
2024-09-06 22:35:05,ETHUSDT,bid,2140,4919.759
2024-09-06 22:35:05,ETHUSDT,bid,2220,5519.344
2024-09-06 22:35:07,ETHUSDT,bid,2200,5215.952
2024-09-06 22:35:08,ETHUSDT,bid,2200,5216.952
2024-09-06 22:35:19,ETHUSDT,bid,2200,5220.648
2024-09-06 22:35:19,ETHUSDT,bid,2200,5221.557
2024-09-06 22:35:20,ETHUSDT,bid,1960,5596.229
2024-09-06 22:35:20,ETHUSDT,bid,2200,5220.648
2024-09-06 22:35:27,ETHUSDT,ask,2670,3733.283
2024-09-06 22:35:33,ETHUSDT,bid,2230,5129.601
2024-09-06 22:35:38,ETHUSDT,bid,2230,5536.491
2024-09-06 22:35:43,ETHUSDT,bid,2230,5543.773
2024-09-06 22:35:47,ETHUSDT,bid,2240,5415.97
2024-09-06 22:35:47,ETHUSDT,bid,2200,5200.648
2024-09-06 22:35:47,ETHUSDT,bid,2240,5169.842
2024-09-06 22:35:50,ETHUSDT,bid,2200,5189.285
2024-09-06 22:35:51,ETHUSDT,bid,2230,4515.537
2024-09-06 22:35:59,ETHUSDT,bid,2200,5187.013
2024-09-06 22:35:59,ETHUSDT,bid,2200,5187.028
2024-09-06 22:36:02,ETHUSDT,bid,2200,5186.715
2024-09-06 22:36:06,ETHUSDT,bid,2220,5520.244
2024-09-06 22:36:07,ETHUSDT,bid,2220,5529.87
2024-09-06 22:36:07,ETHUSDT,bid,2230,5129.611
2024-09-06 22:36:08,ETHUSDT,bid,2200,5187.078
2024-09-06 22:36:09,ETHUSDT,bid,2220,5530.47
2024-09-06 22:36:09,ETHUSDT,bid,2200,5187.038
2024-09-06 22:36:13,ETHUSDT,bid,2230,4516.881
2024-09-06 22:36:13,ETHUSDT,bid,2240,5160.836
2024-09-06 22:36:14,ETHUSDT,bid,2240,5169.842
2024-09-06 22:36:15,ETHUSDT,bid,2200,4567.196
2024-09-06 22:36:16,ETHUSDT,bid,2230,5548.967
2024-09-06 22:36:21,ETHUSDT,bid,2220,4656.92
2024-09-06 22:36:22,ETHUSDT,bid,2200,5187.947
2024-09-06 22:36:24,ETHUSDT,bid,2200,5184.02
2024-09-06 22:36:25,ETHUSDT,bid,2230,4515.537
2024-09-06 22:36:25,ETHUSDT,bid,2230,5542.854
2024-09-06 22:36:26,ETHUSDT,bid,2230,5542.904
2024-09-06 22:36:27,ETHUSDT,bid,2240,5416.021
2024-09-06 22:36:31,ETHUSDT,bid,2220,4657.963
2024-09-06 22:36:33,ETHUSDT,bid,2240,5169.521
2024-09-06 22:36:35,ETHUSDT,bid,2140,4919.769
2024-09-06 22:36:35,ETHUSDT,bid,2200,5183.02
2024-09-06 22:36:36,ETHUSDT,bid,1950,5225.774
2024-09-06 22:36:38,ETHUSDT,bid,2220,5430.47
2024-09-06 22:36:39,ETHUSDT,bid,2200,5183.01
2024-09-06 22:36:41,ETHUSDT,bid,2200,5183.237
2024-09-06 22:36:42,ETHUSDT,bid,2220,5430.11
2024-09-06 22:36:42,ETHUSDT,bid,2200,5183.252
2024-09-06 22:36:42,ETHUSDT,bid,2230,5129.866
2024-09-06 22:36:44,ETHUSDT,bid,2220,4659.086
2024-09-06 22:36:50,ETHUSDT,bid,2230,5542.366
2024-09-06 22:36:53,ETHUSDT,bid,2200,5183.388
2024-09-06 22:36:56,ETHUSDT,bid,2230,5542.377
2024-09-06 22:36:57,ETHUSDT,bid,2140,4919.759
2024-09-06 22:36:58,ETHUSDT,bid,2200,5183.56
2024-09-06 22:37:00,ETHUSDT,bid,2250,4600.36
2024-09-06 22:37:01,ETHUSDT,bid,2140,4920.196
2024-09-06 22:37:02,ETHUSDT,bid,2220,5194.122
2024-09-06 22:37:05,ETHUSDT,bid,2140,4920.216
2024-09-06 22:37:09,ETHUSDT,bid,2200,5186.56
2024-09-06 22:37:13,ETHUSDT,bid,2220,4659.198
2024-09-06 22:37:13,ETHUSDT,bid,2220,4659.122
2024-09-06 22:37:14,ETHUSDT,bid,2230,5532.377
2024-09-06 22:37:14,ETHUSDT,bid,2220,5192.718
2024-09-06 22:37:15,ETHUSDT,bid,2230,5129.947
2024-09-06 22:37:16,ETHUSDT,bid,2200,4549.443
2024-09-06 22:37:22,ETHUSDT,bid,2200,5186.538
2024-09-06 22:37:26,ETHUSDT,bid,2240,5416.221
2024-09-06 22:37:28,ETHUSDT,bid,2220,5198.111
2024-09-06 22:37:31,ETHUSDT,bid,2240,5169.721
2024-09-06 22:37:34,ETHUSDT,bid,2220,5423.354
2024-09-06 22:37:42,ETHUSDT,bid,2230,5527.893
2024-09-06 22:37:42,ETHUSDT,bid,2220,5418.85
2024-09-06 22:37:43,ETHUSDT,bid,2200,5186.465
2024-09-06 22:37:43,ETHUSDT,bid,2250,4600.135
2024-09-06 22:37:46,ETHUSDT,bid,2220,4659.168
2024-09-06 22:37:51,ETHUSDT,bid,2200,5188.737
2024-09-06 22:37:51,ETHUSDT,bid,2200,5187.594
2024-09-06 22:37:52,ETHUSDT,ask,2340,7066.226
2024-09-06 22:37:53,ETHUSDT,bid,2220,5423.354
2024-09-06 22:37:53,ETHUSDT,bid,2240,5169.689
2024-09-06 22:37:53,ETHUSDT,bid,2220,5423.579
2024-09-06 22:37:57,ETHUSDT,bid,2230,5514.441
2024-09-06 22:37:59,ETHUSDT,bid,2230,5513.563
2024-09-06 22:37:59,ETHUSDT,bid,2220,5424.749
2024-09-06 22:38:01,ETHUSDT,bid,2240,5168.361
2024-09-06 22:38:09,ETHUSDT,bid,2220,5428.302
2024-09-06 22:38:11,ETHUSDT,bid,2200,5210.321
2024-09-06 22:38:12,ETHUSDT,bid,2230,5514.475
2024-09-06 22:38:16,ETHUSDT,bid,2200,5210.411
2024-09-06 22:38:24,ETHUSDT,bid,2230,5513.975
2024-09-06 22:38:25,ETHUSDT,bid,2200,5187.22
2024-09-06 22:38:28,ETHUSDT,bid,2220,5198.211
2024-09-06 22:38:29,ETHUSDT,bid,2200,5210.553
2024-09-06 22:38:31,ETHUSDT,bid,2200,5210.053
2024-09-06 22:38:32,ETHUSDT,bid,1940,5161.954
2024-09-06 22:38:39,ETHUSDT,bid,2200,5187.407
2024-09-06 22:38:40,ETHUSDT,bid,2200,5210.083
2024-09-06 22:38:42,ETHUSDT,bid,2200,5208.775
2024-09-06 22:38:45,ETHUSDT,bid,2210,4554.477
2024-09-06 22:38:48,ETHUSDT,bid,2220,5427.302
2024-09-06 22:38:51,ETHUSDT,bid,2230,5129.697
2024-09-06 22:38:51,ETHUSDT,bid,2140,4919.216
2024-09-06 22:38:52,ETHUSDT,bid,2250,4599.691
2024-09-06 22:38:59,ETHUSDT,bid,2200,5208.975
2024-09-06 22:39:01,ETHUSDT,bid,2230,5131.039
2024-09-06 22:39:03,ETHUSDT,bid,2230,5488.975
2024-09-06 22:39:05,ETHUSDT,bid,2200,5209.027
2024-09-06 22:39:16,ETHUSDT,bid,2230,5438.975
2024-09-06 22:39:21,ETHUSDT,bid,2200,5207.035
2024-09-06 22:39:24,ETHUSDT,bid,2230,5438.746
2024-09-06 22:39:30,ETHUSDT,bid,2200,5206.035
2024-09-06 22:39:34,ETHUSDT,bid,2200,5206.049
2024-09-06 22:39:36,ETHUSDT,bid,2230,5433.552
2024-09-06 22:39:36,ETHUSDT,bid,2200,5206.649
2024-09-06 22:39:40,ETHUSDT,bid,2250,4684.353
2024-09-06 22:39:40,ETHUSDT,bid,2200,5206.661
2024-09-06 22:39:43,ETHUSDT,bid,2200,5208.653
2024-09-06 22:39:44,ETHUSDT,bid,2200,5208.733
2024-09-06 22:39:45,ETHUSDT,bid,2140,9359.017
2024-09-06 22:39:47,ETHUSDT,bid,1940,5161.965
2024-09-06 22:39:47,ETHUSDT,bid,2230,5131.071
2024-09-06 22:39:47,ETHUSDT,bid,2200,5206.741
2024-09-06 22:39:49,ETHUSDT,bid,2240,5168.203
2024-09-06 22:39:49,ETHUSDT,bid,2200,5206.751
2024-09-06 22:39:49,ETHUSDT,bid,2220,5198.221
2024-09-06 22:39:57,ETHUSDT,bid,2220,5197.388
2024-09-06 22:40:01,ETHUSDT,bid,2230,5131.062
2024-09-06 22:40:03,ETHUSDT,bid,2200,5208.743
2024-09-06 22:40:05,ETHUSDT,bid,2200,5210.743
2024-09-06 22:40:06,ETHUSDT,bid,2200,5210.783
2024-09-06 22:40:16,ETHUSDT,bid,2140,4909.871
2024-09-06 22:40:21,ETHUSDT,bid,2220,5197.293
2024-09-06 22:40:22,ETHUSDT,bid,2250,4683.493
2024-09-06 22:40:25,ETHUSDT,bid,2200,5217.248
2024-09-06 22:40:26,ETHUSDT,bid,2220,5436.711
2024-09-06 22:40:26,ETHUSDT,bid,2200,5217.702
2024-09-06 22:40:27,ETHUSDT,bid,2200,5217.502
2024-09-06 22:40:31,ETHUSDT,bid,2230,5433.735
2024-09-06 22:40:34,ETHUSDT,bid,2230,5132.062
2024-09-06 22:40:34,ETHUSDT,bid,2220,5194.597
2024-09-06 22:40:35,ETHUSDT,bid,2220,4659.703
2024-09-06 22:40:36,ETHUSDT,bid,2240,5425.913
2024-09-06 22:40:36,ETHUSDT,bid,2250,4589.186
2024-09-06 22:40:38,ETHUSDT,bid,2240,5425.8
2024-09-06 22:40:39,ETHUSDT,bid,2200,5157.502
2024-09-06 22:40:41,ETHUSDT,bid,2200,5160.502
2024-09-06 22:40:42,ETHUSDT,bid,2040,9804.079
2024-09-06 22:40:42,ETHUSDT,bid,2230,5129.378
2024-09-06 22:40:44,ETHUSDT,bid,2200,5160.488
2024-09-06 22:40:45,ETHUSDT,bid,2250,4589.297
2024-09-06 22:40:45,ETHUSDT,bid,2240,5425.9
2024-09-06 22:40:46,ETHUSDT,bid,2220,5193.699
2024-09-06 22:40:48,ETHUSDT,bid,2200,5160.942
2024-09-06 22:40:48,ETHUSDT,bid,2230,5129.368
2024-09-06 22:40:55,ETHUSDT,bid,2240,5159.197
2024-09-06 22:40:56,ETHUSDT,bid,2240,5168.203
2024-09-06 22:41:01,ETHUSDT,bid,2140,4909.82
2024-09-06 22:41:01,ETHUSDT,bid,2230,5433.52
2024-09-06 22:41:02,ETHUSDT,bid,2200,4575.874
2024-09-06 22:41:04,ETHUSDT,bid,2200,5161.167
2024-09-06 22:41:04,ETHUSDT,bid,2220,5436.488
2024-09-06 22:41:04,ETHUSDT,bid,2200,5169.742
2024-09-06 22:41:06,ETHUSDT,bid,2240,5425.93
2024-09-06 22:41:06,ETHUSDT,bid,2220,5216.17
2024-09-06 22:41:08,ETHUSDT,bid,2200,5169.629
2024-09-06 22:41:10,ETHUSDT,bid,2240,5400.927
2024-09-06 22:41:12,ETHUSDT,bid,2220,4659.168
2024-09-06 22:41:15,ETHUSDT,bid,2200,5169.553
2024-09-06 22:41:16,ETHUSDT,bid,2220,5536.488
2024-09-06 22:41:19,ETHUSDT,bid,2220,4723.117
2024-09-06 22:41:23,ETHUSDT,bid,2230,5432.52
2024-09-06 22:41:23,ETHUSDT,bid,2240,5400.943
2024-09-06 22:41:24,ETHUSDT,bid,2200,5167.553
2024-09-06 22:41:29,ETHUSDT,bid,2140,9368.061
2024-09-06 22:41:32,ETHUSDT,bid,2200,5166.892
2024-09-06 22:41:33,ETHUSDT,bid,2220,4659.168
2024-09-06 22:41:35,ETHUSDT,bid,2200,5166.657
2024-09-06 22:41:38,ETHUSDT,bid,2250,4584.498
2024-09-06 22:41:38,ETHUSDT,bid,2200,5166.536
2024-09-06 22:41:39,ETHUSDT,bid,2230,5432.656
2024-09-06 22:41:39,ETHUSDT,bid,2230,5129.468
2024-09-06 22:41:46,ETHUSDT,bid,2220,4644.213
2024-09-06 22:41:51,ETHUSDT,bid,2200,5166.586
2024-09-06 22:41:51,ETHUSDT,bid,2240,5391.251
2024-09-06 22:41:57,ETHUSDT,bid,2220,5536.588
2024-09-06 22:42:00,ETHUSDT,bid,2200,5147.317
2024-09-06 22:42:01,ETHUSDT,bid,2220,5535.744
2024-09-06 22:42:02,ETHUSDT,bid,2200,5147.09
2024-09-06 22:42:06,ETHUSDT,bid,2240,5171.098
2024-09-06 22:42:11,ETHUSDT,bid,1940,5161.772
2024-09-06 22:42:11,ETHUSDT,bid,2200,5146.954
2024-09-06 22:42:20,ETHUSDT,bid,2200,5146.965
2024-09-06 22:42:23,ETHUSDT,bid,1940,5161.708
2024-09-06 22:42:23,ETHUSDT,bid,2200,5147.965
2024-09-06 22:42:29,ETHUSDT,bid,1700,6089.112
2024-09-06 22:42:30,ETHUSDT,bid,2200,5148.044
2024-09-06 22:42:30,ETHUSDT,bid,2240,5391.33
2024-09-06 22:42:41,ETHUSDT,bid,2140,4909.461
2024-09-06 22:42:42,ETHUSDT,bid,2030,5063.271
2024-09-06 22:42:47,ETHUSDT,bid,2230,4515.575
2024-09-06 22:42:50,ETHUSDT,bid,2200,4576.874
2024-09-06 22:42:50,ETHUSDT,bid,2240,5390.33
2024-09-06 22:42:57,ETHUSDT,bid,2200,5148.024
2024-09-06 22:42:57,ETHUSDT,bid,2230,4515.556
2024-09-06 22:42:58,ETHUSDT,bid,2230,5433.028
2024-09-06 22:42:58,ETHUSDT,bid,2230,4515.537
2024-09-06 22:43:01,ETHUSDT,bid,2230,4515.493
2024-09-06 22:43:03,ETHUSDT,bid,2230,5433.104
2024-09-06 22:43:04,ETHUSDT,bid,2220,5535.793
2024-09-06 22:43:04,ETHUSDT,bid,2250,4584.564
2024-09-06 22:43:05,ETHUSDT,bid,2240,5390.29
2024-09-06 22:43:06,ETHUSDT,bid,2140,4909.024
2024-09-06 22:43:08,ETHUSDT,bid,2230,5432.208
2024-09-06 22:43:12,ETHUSDT,bid,2220,4644.167
2024-09-06 22:43:13,ETHUSDT,bid,1940,5161.797
2024-09-06 22:43:17,ETHUSDT,bid,2200,5148.034
2024-09-06 22:43:17,ETHUSDT,bid,2200,5149.207
2024-09-06 22:43:24,ETHUSDT,bid,2230,5432.148
2024-09-06 22:43:24,ETHUSDT,bid,2240,5390.35
2024-09-06 22:43:30,ETHUSDT,bid,2200,5149.252
2024-09-06 22:43:36,ETHUSDT,bid,2220,5538.109
2024-09-06 22:43:36,ETHUSDT,bid,2220,5539.993
2024-09-06 22:43:37,ETHUSDT,bid,2200,5148.684
2024-09-06 22:43:39,ETHUSDT,bid,2240,5170.098
2024-09-06 22:43:41,ETHUSDT,bid,2240,5390.416
2024-09-06 22:43:43,ETHUSDT,bid,2230,4515.575
2024-09-06 22:43:44,ETHUSDT,bid,2230,5125.374
2024-09-06 22:43:47,ETHUSDT,bid,2200,5148.674
2024-09-06 22:43:47,ETHUSDT,bid,2200,5149.128
2024-09-06 22:43:51,ETHUSDT,bid,2220,5217.25
2024-09-06 22:44:04,ETHUSDT,bid,2240,5174.174
2024-09-06 22:44:06,ETHUSDT,bid,2200,5149.108
2024-09-06 22:44:07,ETHUSDT,bid,2230,5435.148
2024-09-06 22:44:12,ETHUSDT,bid,2200,5149.163
2024-09-06 22:44:12,ETHUSDT,bid,2220,5216.942
2024-09-06 22:44:19,ETHUSDT,bid,2140,4909.067
2024-09-06 22:44:33,ETHUSDT,bid,2030,5095.271
2024-09-06 22:44:42,ETHUSDT,bid,2230,5434.463
2024-09-06 22:44:43,ETHUSDT,bid,2230,5125.592
2024-09-06 22:44:46,ETHUSDT,bid,2200,5148.163
2024-09-06 22:44:48,ETHUSDT,bid,1950,5223.217
2024-09-06 22:44:48,ETHUSDT,bid,2240,5390.385
2024-09-06 22:44:57,ETHUSDT,bid,2200,4549.401
2024-09-06 22:44:58,ETHUSDT,bid,2230,5434.171
2024-09-06 22:45:00,ETHUSDT,bid,2200,5148.153
2024-09-06 22:45:08,ETHUSDT,bid,2230,5125.374
2024-09-06 22:45:08,ETHUSDT,bid,2240,5390.603
2024-09-06 22:45:08,ETHUSDT,bid,2240,5171.174
2024-09-06 22:45:12,ETHUSDT,bid,2200,5150.425
2024-09-06 22:45:17,ETHUSDT,bid,2240,5390.652
2024-09-06 22:45:17,ETHUSDT,bid,2240,5171.125
2024-09-06 22:45:27,ETHUSDT,bid,2240,5385.652
