2024-08-27 08:23:23,BTCUSDT,bid,47000,873.424
2024-08-27 09:02:53,BTCUSDT,bid,47000,873.427
2024-08-27 10:32:02,BTCUSDT,bid,47000,873.627
2024-08-27 10:58:34,BTCUSDT,bid,47000,873.427
2024-08-27 10:58:44,BTCUSDT,bid,47000,873.527
2024-08-27 11:00:42,BTCUSDT,bid,47000,873.53
2024-08-27 11:02:32,BTCUSDT,bid,47000,873.527
2024-08-27 11:02:49,BTCUSDT,bid,47000,873.53
2024-08-27 11:09:24,BTCUSDT,bid,47000,873.527
2024-08-27 11:37:50,BTCUSDT,bid,47000,873.523
2024-08-27 13:46:42,BTCUSDT,bid,47000,873.519
2024-08-27 14:00:27,BTCUSDT,bid,47000,873.488
2024-08-27 14:50:35,BTCUSDT,bid,47000,873.572
2024-08-27 14:51:33,BTCUSDT,bid,47000,873.488
2024-08-27 14:52:15,BTCUSDT,bid,47000,873.491
2024-08-27 16:01:45,BTCUSDT,bid,47000,873.496
2024-08-27 16:11:58,BTCUSDT,bid,47000,873.506
2024-08-27 16:21:11,BTCUSDT,bid,47000,873.544
2024-08-27 16:34:00,BTCUSDT,bid,47000,873.541
2024-08-27 17:16:44,BTCUSDT,bid,47000,873.658
2024-08-27 18:02:44,BTCUSDT,bid,47000,873.705
2024-08-27 18:05:44,BTCUSDT,bid,47000,873.605
2024-08-27 18:19:33,BTCUSDT,bid,47000,873.621
2024-08-27 18:19:41,BTCUSDT,bid,47000,873.626
2024-08-27 18:29:04,BTCUSDT,bid,47000,874.126
2024-08-27 18:31:05,BTCUSDT,bid,47000,874.121
2024-08-27 19:38:49,BTCUSDT,bid,47000,875.921
2024-08-27 19:40:16,BTCUSDT,bid,47000,874.121
2024-08-27 19:44:05,BTCUSDT,bid,47000,874.218
2024-08-27 20:06:06,BTCUSDT,bid,47000,874.215
2024-08-27 20:26:52,BTCUSDT,bid,47300,801.69
2024-08-27 20:27:00,BTCUSDT,bid,47000,874.221
2024-08-27 20:49:00,BTCUSDT,bid,47000,872.407
2024-08-27 20:51:14,BTCUSDT,bid,47000,873.341
2024-08-27 20:51:53,BTCUSDT,bid,47000,872.407
2024-08-27 20:54:35,BTCUSDT,bid,47000,874.48
2024-08-27 21:26:08,BTCUSDT,bid,47000,874.518
2024-08-27 21:28:27,BTCUSDT,bid,47000,874.497
2024-08-27 21:35:55,BTCUSDT,bid,47000,874.297
2024-08-27 11:57:54,BTCUSD_PERP,ask,68000,559.55
2024-08-27 11:57:55,BTCUSD_PERP,ask,68000,558.8
2024-08-27 12:30:18,BTCUSD_PERP,ask,68000,558.81
2024-08-27 12:45:30,BTCUSD_PERP,ask,63800,479.36
2024-08-27 12:56:31,BTCUSD_PERP,ask,63800,479.76
2024-08-27 13:01:23,BTCUSD_PERP,ask,63700,475.33
2024-08-27 13:16:09,BTCUSD_PERP,ask,68000,558.89
2024-08-27 13:23:30,BTCUSD_PERP,ask,63700,521.6
2024-08-27 13:23:31,BTCUSD_PERP,ask,63700,542.61
2024-08-27 13:23:34,BTCUSD_PERP,ask,63700,563.62
2024-08-27 13:23:42,BTCUSD_PERP,ask,63700,573.8
2024-08-27 13:23:46,BTCUSD_PERP,ask,63700,583.98
2024-08-27 13:23:47,BTCUSD_PERP,ask,63700,594.16
2024-08-27 13:23:49,BTCUSD_PERP,ask,63700,600.52
2024-08-27 13:23:50,BTCUSD_PERP,ask,63700,606.88
2024-08-27 13:23:52,BTCUSD_PERP,ask,63700,617.06
2024-08-27 13:23:56,BTCUSD_PERP,ask,63700,623.42
2024-08-27 13:24:00,BTCUSD_PERP,ask,63700,633.6
2024-08-27 13:24:02,BTCUSD_PERP,ask,63700,639.96
2024-08-27 13:24:03,BTCUSD_PERP,ask,63700,629.78
2024-08-27 13:24:03,BTCUSD_PERP,ask,63700,639.96
2024-08-27 13:24:06,BTCUSD_PERP,ask,63700,633.6
2024-08-27 13:24:06,BTCUSD_PERP,ask,63700,639.96
2024-08-27 13:24:08,BTCUSD_PERP,ask,63700,660.97
2024-08-27 13:24:12,BTCUSD_PERP,ask,63700,650.79
2024-08-27 13:24:14,BTCUSD_PERP,ask,63700,640.61
2024-08-27 13:24:16,BTCUSD_PERP,ask,63700,630.74
2024-08-27 13:24:16,BTCUSD_PERP,ask,63700,620.56
2024-08-27 13:24:30,BTCUSD_PERP,ask,63700,610.38
2024-08-27 13:24:42,BTCUSD_PERP,ask,63700,600.2
2024-08-27 13:24:46,BTCUSD_PERP,ask,63700,590.02
2024-08-27 13:24:48,BTCUSD_PERP,ask,63700,579.84
2024-08-27 13:24:50,BTCUSD_PERP,ask,63700,573.48
2024-08-27 13:24:52,BTCUSD_PERP,ask,63700,563.3
2024-08-27 13:24:53,BTCUSD_PERP,ask,63700,556.94
2024-08-27 13:24:56,BTCUSD_PERP,ask,63700,550.58
2024-08-27 13:25:00,BTCUSD_PERP,ask,63700,540.4
2024-08-27 13:25:02,BTCUSD_PERP,ask,63700,534.04
2024-08-27 13:25:04,BTCUSD_PERP,ask,63700,523.86
2024-08-27 13:25:07,BTCUSD_PERP,ask,63700,517.5
2024-08-27 13:25:13,BTCUSD_PERP,ask,63700,496.49
2024-08-27 13:25:14,BTCUSD_PERP,ask,63700,475.48
2024-08-27 13:25:27,BTCUSD_PERP,ask,63700,475.48
2024-08-27 13:25:34,BTCUSD_PERP,ask,63700,475.48
2024-08-27 13:25:34,BTCUSD_PERP,ask,63700,485.66
2024-08-27 13:26:18,BTCUSD_PERP,ask,63700,471.61
2024-08-27 13:26:26,BTCUSD_PERP,ask,63700,477.97
2024-08-27 13:26:36,BTCUSD_PERP,ask,63700,488.15
2024-08-27 13:26:38,BTCUSD_PERP,ask,63700,494.51
2024-08-27 13:27:16,BTCUSD_PERP,ask,63700,484.33
2024-08-27 13:27:17,BTCUSD_PERP,ask,63700,474.47
2024-08-27 13:28:40,BTCUSD_PERP,ask,63600,472.33
2024-08-27 13:31:07,BTCUSD_PERP,ask,63600,491.18
2024-08-27 13:34:45,BTCUSD_PERP,ask,63500,491.7
2024-08-27 13:34:45,BTCUSD_PERP,ask,63500,554.6
2024-08-27 13:34:50,BTCUSD_PERP,ask,63500,554.51
2024-08-27 13:35:06,BTCUSD_PERP,ask,63500,533.75
2024-08-27 13:35:08,BTCUSD_PERP,ask,63500,527.46
2024-08-27 14:43:49,BTCUSD_PERP,ask,63500,476.93
2024-08-27 14:44:13,BTCUSD_PERP,ask,63500,483.27
2024-08-27 14:44:15,BTCUSD_PERP,ask,63500,504.21
2024-08-27 14:44:17,BTCUSD_PERP,ask,63500,514.36
2024-08-27 14:44:19,BTCUSD_PERP,ask,63500,524.51
2024-08-27 14:44:19,BTCUSD_PERP,ask,63500,530.85
2024-08-27 14:44:21,BTCUSD_PERP,ask,63500,541.0
2024-08-27 14:44:24,BTCUSD_PERP,ask,63500,547.34
2024-08-27 14:44:41,BTCUSD_PERP,ask,63500,537.51
2024-08-27 14:44:43,BTCUSD_PERP,ask,63500,527.36
2024-08-27 14:45:14,BTCUSD_PERP,ask,63500,521.02
2024-08-27 14:45:17,BTCUSD_PERP,ask,63500,510.87
2024-08-27 14:45:19,BTCUSD_PERP,ask,63500,500.4
2024-08-27 14:45:19,BTCUSD_PERP,ask,63500,490.25
2024-08-27 14:45:19,BTCUSD_PERP,ask,63500,483.91
2024-08-27 14:45:21,BTCUSD_PERP,ask,63500,477.57
2024-08-27 14:52:38,BTCUSD_PERP,ask,63500,477.79
2024-08-27 14:52:38,BTCUSD_PERP,ask,63500,487.94
2024-08-27 14:52:41,BTCUSD_PERP,ask,63500,498.09
2024-08-27 14:52:42,BTCUSD_PERP,ask,63500,519.04
2024-08-27 14:52:47,BTCUSD_PERP,ask,63500,528.88
2024-08-27 14:52:49,BTCUSD_PERP,ask,63500,539.03
2024-08-27 14:53:37,BTCUSD_PERP,ask,63500,528.88
2024-08-27 14:53:38,BTCUSD_PERP,ask,63500,518.73
2024-08-27 14:53:41,BTCUSD_PERP,ask,63500,508.58
2024-08-27 14:53:47,BTCUSD_PERP,ask,63500,498.74
2024-08-27 14:53:49,BTCUSD_PERP,ask,63500,488.59
2024-08-27 14:54:14,BTCUSD_PERP,ask,63500,482.25
2024-08-27 15:23:31,BTCUSD_PERP,ask,68000,557.51
2024-08-27 15:25:23,BTCUSD_PERP,bid,59000,538.72
2024-08-27 16:07:56,BTCUSD_PERP,ask,68000,550.71
2024-08-27 16:36:49,BTCUSD_PERP,bid,42000,1061.88
2024-08-27 16:38:38,BTCUSD_PERP,ask,63400,482.28
2024-08-27 16:38:38,BTCUSD_PERP,ask,63400,475.94
2024-08-27 16:38:39,BTCUSD_PERP,ask,63400,482.28
2024-08-27 16:38:40,BTCUSD_PERP,ask,63400,488.62
2024-08-27 16:38:52,BTCUSD_PERP,ask,63400,494.96
2024-08-27 16:38:58,BTCUSD_PERP,ask,63400,515.89
2024-08-27 16:39:14,BTCUSD_PERP,ask,63400,505.75
2024-08-27 16:39:18,BTCUSD_PERP,ask,63400,495.61
2024-08-27 16:39:20,BTCUSD_PERP,ask,63400,485.47
2024-08-27 16:39:20,BTCUSD_PERP,ask,63400,475.33
2024-08-27 17:24:26,BTCUSD_PERP,bid,61700,546.56
2024-08-27 17:24:26,BTCUSD_PERP,bid,61700,607.72
2024-08-27 17:24:48,BTCUSD_PERP,bid,61700,486.03
2024-08-27 17:24:48,BTCUSD_PERP,bid,61700,485.9
2024-08-27 17:24:48,BTCUSD_PERP,bid,61700,546.93
2024-08-27 17:25:21,BTCUSD_PERP,ask,68000,549.14
2024-08-27 17:28:20,BTCUSD_PERP,bid,61700,534.02
2024-08-27 17:32:27,BTCUSD_PERP,bid,61700,544.37
2024-08-27 17:32:27,BTCUSD_PERP,bid,61700,605.49
2024-08-27 17:33:40,BTCUSD_PERP,bid,61700,544.17
2024-08-27 17:33:40,BTCUSD_PERP,bid,61700,605.25
2024-08-27 17:33:44,BTCUSD_PERP,ask,63000,477.43
2024-08-27 17:33:44,BTCUSD_PERP,ask,63000,487.5
2024-08-27 17:33:45,BTCUSD_PERP,ask,63000,497.57
2024-08-27 17:33:45,BTCUSD_PERP,ask,63000,507.64
2024-08-27 17:33:46,BTCUSD_PERP,ask,63000,517.39
2024-08-27 17:34:40,BTCUSD_PERP,ask,63000,527.46
2024-08-27 17:34:41,BTCUSD_PERP,ask,63000,537.52
2024-08-27 17:34:41,BTCUSD_PERP,ask,63000,527.45
2024-08-27 17:34:42,BTCUSD_PERP,ask,63000,537.52
2024-08-27 17:34:42,BTCUSD_PERP,ask,63000,547.59
2024-08-27 17:34:43,BTCUSD_PERP,ask,63000,537.52
2024-08-27 17:34:43,BTCUSD_PERP,ask,63000,547.59
2024-08-27 17:34:44,BTCUSD_PERP,ask,63000,537.52
2024-08-27 17:34:45,BTCUSD_PERP,ask,63000,547.59
2024-08-27 17:34:45,BTCUSD_PERP,ask,63000,537.52
2024-08-27 17:34:46,BTCUSD_PERP,ask,63000,527.45
2024-08-27 17:34:47,BTCUSD_PERP,ask,63000,517.7
2024-08-27 17:34:55,BTCUSD_PERP,ask,63000,497.11
2024-08-27 17:35:28,BTCUSD_PERP,bid,61700,544.74
2024-08-27 17:36:08,BTCUSD_PERP,bid,61700,548.61
2024-08-27 17:36:10,BTCUSD_PERP,bid,61700,609.14
2024-08-27 17:39:13,BTCUSD_PERP,bid,61700,486.53
2024-08-27 17:39:26,BTCUSD_PERP,bid,61700,487.23
2024-08-27 17:39:35,BTCUSD_PERP,bid,59000,540.19
2024-08-27 17:39:53,BTCUSD_PERP,bid,44000,1127.1
2024-08-27 17:44:47,BTCUSD_PERP,bid,59000,2040.39
2024-08-27 17:44:53,BTCUSD_PERP,bid,61700,670.9
2024-08-27 17:45:14,BTCUSD_PERP,bid,61700,609.73
2024-08-27 17:45:14,BTCUSD_PERP,bid,61700,488.01
2024-08-27 17:46:56,BTCUSD_PERP,bid,61700,548.29
2024-08-27 17:47:20,BTCUSD_PERP,bid,61700,487.4
2024-08-27 17:47:46,BTCUSD_PERP,bid,44000,1127.09
2024-08-27 17:51:21,BTCUSD_PERP,bid,59000,2040.59
2024-08-27 17:52:16,BTCUSD_PERP,bid,59000,2040.39
2024-08-27 17:55:52,BTCUSD_PERP,bid,47000,2441.54
2024-08-27 17:56:23,BTCUSD_PERP,bid,61700,486.85
2024-08-27 17:56:56,BTCUSD_PERP,bid,61700,487.1
2024-08-27 17:56:56,BTCUSD_PERP,bid,61700,852.02
2024-08-27 17:57:02,BTCUSD_PERP,bid,59600,2026.69
2024-08-27 17:58:35,BTCUSD_PERP,bid,61700,791.5
2024-08-27 17:58:37,BTCUSD_PERP,bid,61700,730.99
2024-08-27 17:58:37,BTCUSD_PERP,bid,61700,668.97
2024-08-27 17:58:37,BTCUSD_PERP,bid,61700,852.48
2024-08-27 17:58:38,BTCUSD_PERP,bid,61700,913.65
2024-08-27 18:00:26,BTCUSD_PERP,bid,61700,548.28
2024-08-27 18:00:27,BTCUSD_PERP,bid,61700,791.58
2024-08-27 18:00:27,BTCUSD_PERP,bid,61700,852.72
2024-08-27 18:00:41,BTCUSD_PERP,bid,61700,731.06
2024-08-27 18:00:41,BTCUSD_PERP,bid,61700,548.27
2024-08-27 18:00:41,BTCUSD_PERP,bid,61700,487.76
2024-08-27 18:02:29,BTCUSD_PERP,bid,61700,730.66
2024-08-27 18:02:29,BTCUSD_PERP,bid,61700,791.81
2024-08-27 18:02:47,BTCUSD_PERP,bid,61700,487.31
2024-08-27 18:02:47,BTCUSD_PERP,bid,61700,974.06
2024-08-27 18:02:48,BTCUSD_PERP,bid,61700,1035.18
2024-08-27 18:03:04,BTCUSD_PERP,bid,61700,547.58
2024-08-27 18:03:05,BTCUSD_PERP,bid,61700,973.48
2024-08-27 18:03:05,BTCUSD_PERP,bid,61700,1034.56
2024-08-27 18:03:46,BTCUSD_PERP,bid,61700,912.4
2024-08-27 18:03:46,BTCUSD_PERP,bid,61700,730.4
2024-08-27 18:03:46,BTCUSD_PERP,bid,61700,669.32
2024-08-27 18:03:46,BTCUSD_PERP,bid,61700,608.85
2024-08-27 18:03:46,BTCUSD_PERP,bid,61700,548.39
2024-08-27 18:03:46,BTCUSD_PERP,bid,61700,486.42
2024-08-27 18:03:46,BTCUSD_PERP,bid,61700,487.31
2024-08-27 18:03:47,BTCUSD_PERP,bid,61700,547.54
2024-08-27 18:03:47,BTCUSD_PERP,bid,61700,730.9
2024-08-27 18:03:47,BTCUSD_PERP,bid,61700,791.38
2024-08-27 18:03:47,BTCUSD_PERP,bid,61700,851.88
2024-08-27 18:03:47,BTCUSD_PERP,bid,61600,487.36
2024-08-27 18:03:47,BTCUSD_PERP,bid,61700,913.0
2024-08-27 18:03:47,BTCUSD_PERP,bid,61700,974.02
2024-08-27 18:03:47,BTCUSD_PERP,bid,61600,533.15
2024-08-27 18:03:48,BTCUSD_PERP,bid,61700,1035.14
2024-08-27 18:04:25,BTCUSD_PERP,bid,61700,914.16
2024-08-27 18:04:25,BTCUSD_PERP,bid,61700,853.04
2024-08-27 18:04:25,BTCUSD_PERP,bid,61700,791.92
2024-08-27 18:04:25,BTCUSD_PERP,bid,61700,730.8
2024-08-27 18:04:25,BTCUSD_PERP,bid,61700,609.2
2024-08-27 18:04:26,BTCUSD_PERP,bid,61700,488.03
2024-08-27 18:04:26,BTCUSD_PERP,bid,61700,549.09
2024-08-27 18:05:47,BTCUSD_PERP,bid,61700,487.93
2024-08-27 18:23:37,BTCUSD_PERP,bid,59600,2020.73
2024-08-27 18:34:52,BTCUSD_PERP,bid,42000,1061.87
2024-08-27 18:34:52,BTCUSD_PERP,bid,44000,1127.08
2024-08-27 18:34:52,BTCUSD_PERP,ask,68000,549.13
2024-08-27 18:36:56,BTCUSD_PERP,bid,42000,1061.88
2024-08-27 18:36:56,BTCUSD_PERP,bid,44000,1127.09
2024-08-27 18:36:56,BTCUSD_PERP,ask,68000,549.14
2024-08-27 18:58:19,BTCUSD_PERP,bid,61700,544.06
2024-08-27 19:04:51,BTCUSD_PERP,bid,61700,730.82
2024-08-27 19:04:51,BTCUSD_PERP,bid,61700,791.98
2024-08-27 19:04:51,BTCUSD_PERP,bid,61700,853.14
2024-08-27 19:04:58,BTCUSD_PERP,ask,63100,529.88
2024-08-27 19:05:15,BTCUSD_PERP,ask,63100,509.07
2024-08-27 19:05:18,BTCUSD_PERP,ask,63100,488.27
2024-08-27 19:06:54,BTCUSD_PERP,bid,61700,732.08
2024-08-27 19:07:28,BTCUSD_PERP,bid,61700,488.04
2024-08-27 19:07:28,BTCUSD_PERP,bid,61700,549.2
2024-08-27 19:07:28,BTCUSD_PERP,bid,61700,670.27
2024-08-27 19:07:28,BTCUSD_PERP,bid,61700,730.8
2024-08-27 19:07:29,BTCUSD_PERP,bid,61700,791.96
2024-08-27 19:07:30,BTCUSD_PERP,bid,61700,730.41
2024-08-27 19:07:37,BTCUSD_PERP,bid,61700,548.91
2024-08-27 19:07:37,BTCUSD_PERP,bid,61700,487.78
2024-08-27 19:07:38,BTCUSD_PERP,bid,61700,487.44
2024-08-27 19:14:19,BTCUSD_PERP,ask,63000,483.65
2024-08-27 19:14:20,BTCUSD_PERP,ask,63000,493.41
2024-08-27 19:14:20,BTCUSD_PERP,ask,63000,503.49
2024-08-27 19:14:21,BTCUSD_PERP,ask,63000,509.78
2024-08-27 19:15:17,BTCUSD_PERP,ask,63000,499.7
2024-08-27 19:15:18,BTCUSD_PERP,ask,63000,489.62
2024-08-27 19:15:18,BTCUSD_PERP,ask,63000,479.54
2024-08-27 19:20:10,BTCUSD_PERP,bid,61700,488.28
2024-08-27 19:21:35,BTCUSD_PERP,bid,61700,791.42
2024-08-27 19:21:35,BTCUSD_PERP,bid,61600,533.14
2024-08-27 19:21:35,BTCUSD_PERP,bid,61700,852.54
2024-08-27 19:22:10,BTCUSD_PERP,bid,61700,670.43
2024-08-27 19:22:10,BTCUSD_PERP,bid,61700,548.82
2024-08-27 19:22:10,BTCUSD_PERP,bid,61700,487.7
2024-08-27 19:22:11,BTCUSD_PERP,bid,61700,487.32
2024-08-27 19:22:11,BTCUSD_PERP,bid,61700,502.12
2024-08-27 19:22:11,BTCUSD_PERP,bid,61700,563.27
2024-08-27 19:22:11,BTCUSD_PERP,bid,61700,624.42
2024-08-27 19:22:11,BTCUSD_PERP,bid,61700,684.95
2024-08-27 19:22:11,BTCUSD_PERP,bid,61700,746.1
2024-08-27 19:22:31,BTCUSD_PERP,bid,61700,684.95
2024-08-27 19:22:31,BTCUSD_PERP,bid,61700,624.42
2024-08-27 19:22:31,BTCUSD_PERP,bid,61700,563.89
2024-08-27 19:25:01,BTCUSD_PERP,bid,61700,913.49
2024-08-27 19:25:01,BTCUSD_PERP,bid,61700,974.64
2024-08-27 19:25:39,BTCUSD_PERP,bid,61700,974.59
2024-08-27 19:25:46,BTCUSD_PERP,bid,61700,974.54
2024-08-27 19:25:50,BTCUSD_PERP,bid,61700,913.39
2024-08-27 19:25:50,BTCUSD_PERP,bid,61700,792.33
2024-08-27 19:25:50,BTCUSD_PERP,bid,61700,731.18
2024-08-27 19:25:50,BTCUSD_PERP,bid,61700,670.03
2024-08-27 19:25:50,BTCUSD_PERP,bid,61700,608.88
2024-08-27 19:25:50,BTCUSD_PERP,bid,61700,548.36
2024-08-27 19:25:51,BTCUSD_PERP,bid,61700,487.84
2024-08-27 19:30:23,BTCUSD_PERP,bid,61700,608.6
2024-08-27 19:30:23,BTCUSD_PERP,bid,61700,791.96
2024-08-27 19:30:30,BTCUSD_PERP,bid,61700,487.62
2024-08-27 19:30:32,BTCUSD_PERP,bid,61700,486.68
2024-08-27 19:30:32,BTCUSD_PERP,bid,61700,547.84
2024-08-27 19:30:41,BTCUSD_PERP,bid,61700,486.68
2024-08-27 19:31:02,BTCUSD_PERP,bid,61700,487.39
2024-08-27 19:40:44,BTCUSD_PERP,bid,61700,534.19
2024-08-27 19:41:12,BTCUSD_PERP,bid,61700,488.31
2024-08-27 19:41:24,BTCUSD_PERP,ask,63000,479.92
2024-08-27 19:42:06,BTCUSD_PERP,bid,61700,731.4
2024-08-27 19:42:06,BTCUSD_PERP,bid,61700,792.56
2024-08-27 19:42:58,BTCUSD_PERP,bid,61700,731.4
2024-08-27 19:42:58,BTCUSD_PERP,bid,61700,609.08
2024-08-27 19:42:59,BTCUSD_PERP,bid,61700,547.92
2024-08-27 19:42:59,BTCUSD_PERP,bid,61700,669.95
2024-08-27 19:42:59,BTCUSD_PERP,bid,61700,731.08
2024-08-27 19:43:16,BTCUSD_PERP,bid,61700,487.7
2024-08-27 19:43:57,BTCUSD_PERP,bid,61700,732.5
2024-08-27 19:43:58,BTCUSD_PERP,bid,61700,793.6
2024-08-27 19:44:17,BTCUSD_PERP,bid,61700,732.5
2024-08-27 19:44:25,BTCUSD_PERP,bid,61600,546.87
2024-08-27 19:44:25,BTCUSD_PERP,bid,61600,607.3
2024-08-27 19:44:34,BTCUSD_PERP,bid,61600,546.87
2024-08-27 19:44:34,BTCUSD_PERP,bid,61600,486.44
2024-08-27 19:44:34,BTCUSD_PERP,bid,61700,489.0
2024-08-27 19:44:39,BTCUSD_PERP,bid,61700,487.18
2024-08-27 19:44:44,BTCUSD_PERP,bid,61700,486.94
2024-08-27 19:46:22,BTCUSD_PERP,bid,61700,486.88
2024-08-27 19:46:23,BTCUSD_PERP,bid,61700,607.98
2024-08-27 19:47:52,BTCUSD_PERP,bid,61700,547.43
2024-08-27 19:50:04,BTCUSD_PERP,bid,61700,547.43
2024-08-27 19:51:33,BTCUSD_PERP,bid,61700,486.88
2024-08-27 20:03:54,BTCUSD_PERP,bid,61700,487.96
2024-08-27 20:03:54,BTCUSD_PERP,bid,61700,548.49
2024-08-27 20:03:54,BTCUSD_PERP,bid,61700,609.64
2024-08-27 20:04:26,BTCUSD_PERP,bid,61700,487.96
2024-08-27 20:06:15,BTCUSD_PERP,bid,61700,487.8
2024-08-27 20:08:04,BTCUSD_PERP,bid,61700,488.1
2024-08-27 20:13:34,BTCUSD_PERP,ask,63000,479.83
2024-08-27 20:18:43,BTCUSD_PERP,bid,61700,488.3
2024-08-27 20:19:15,BTCUSD_PERP,bid,61700,488.06
2024-08-27 20:19:15,BTCUSD_PERP,bid,61700,487.34
2024-08-27 20:19:15,BTCUSD_PERP,bid,61700,548.49
2024-08-27 20:19:15,BTCUSD_PERP,bid,61700,670.79
2024-08-27 20:19:15,BTCUSD_PERP,bid,61700,731.32
2024-08-27 20:19:19,BTCUSD_PERP,bid,47000,2441.52
2024-08-27 20:19:44,BTCUSD_PERP,bid,61700,670.79
2024-08-27 20:19:44,BTCUSD_PERP,bid,61700,974.06
2024-08-27 20:19:44,BTCUSD_PERP,bid,61700,1035.18
2024-08-27 20:19:44,BTCUSD_PERP,bid,61600,487.8
2024-08-27 20:19:44,BTCUSD_PERP,bid,61700,1096.3
2024-08-27 20:20:02,BTCUSD_PERP,bid,61700,1035.18
2024-08-27 20:20:13,BTCUSD_PERP,bid,61700,670.64
2024-08-27 20:20:13,BTCUSD_PERP,bid,61700,913.12
2024-08-27 20:20:13,BTCUSD_PERP,bid,61600,487.57
2024-08-27 20:20:50,BTCUSD_PERP,bid,61700,609.41
2024-08-27 20:20:50,BTCUSD_PERP,bid,61700,670.54
2024-08-27 20:26:45,BTCUSD_PERP,ask,68000,549.08
2024-08-27 20:32:15,BTCUSD_PERP,bid,61700,487.47
2024-08-27 20:32:16,BTCUSD_PERP,bid,61700,548.02
2024-08-27 20:32:16,BTCUSD_PERP,bid,61700,608.57
2024-08-27 20:32:32,BTCUSD_PERP,bid,61700,486.23
2024-08-27 20:33:14,BTCUSD_PERP,bid,61700,547.91
2024-08-27 20:33:14,BTCUSD_PERP,bid,61700,609.08
2024-08-27 20:33:38,BTCUSD_PERP,bid,61700,487.38
2024-08-27 20:35:16,BTCUSD_PERP,bid,61700,487.26
2024-08-27 20:37:39,BTCUSD_PERP,bid,61700,486.49
2024-08-27 20:37:39,BTCUSD_PERP,bid,61700,608.14
2024-08-27 20:37:39,BTCUSD_PERP,bid,61700,669.28
2024-08-27 20:38:26,BTCUSD_PERP,bid,61700,607.8
2024-08-27 20:38:41,BTCUSD_PERP,bid,61600,607.5
2024-08-27 20:38:41,BTCUSD_PERP,bid,61600,667.95
2024-08-27 20:38:41,BTCUSD_PERP,bid,61600,789.47
2024-08-27 20:38:42,BTCUSD_PERP,bid,61600,911.61
2024-08-27 20:39:08,BTCUSD_PERP,bid,61600,728.66
2024-08-27 20:39:13,BTCUSD_PERP,bid,61600,667.62
2024-08-27 20:39:14,BTCUSD_PERP,bid,61600,547.15
2024-08-27 20:39:14,BTCUSD_PERP,bid,61600,668.05
2024-08-27 20:39:31,BTCUSD_PERP,bid,61600,606.98
2024-08-27 20:39:31,BTCUSD_PERP,bid,61600,546.53
2024-08-27 20:39:31,BTCUSD_PERP,bid,61600,728.59
2024-08-27 20:40:10,BTCUSD_PERP,bid,61600,728.86
2024-08-27 20:40:10,BTCUSD_PERP,bid,61600,911.23
2024-08-27 20:40:10,BTCUSD_PERP,bid,61600,972.23
2024-08-27 20:40:17,BTCUSD_PERP,bid,61600,911.23
2024-08-27 20:40:17,BTCUSD_PERP,bid,61600,850.85
2024-08-27 20:40:17,BTCUSD_PERP,bid,61600,729.48
2024-08-27 20:40:17,BTCUSD_PERP,bid,61600,669.11
2024-08-27 20:40:18,BTCUSD_PERP,bid,61600,547.11
2024-08-27 20:41:57,BTCUSD_PERP,bid,61700,548.45
2024-08-27 20:41:57,BTCUSD_PERP,bid,61700,608.98
2024-08-27 20:42:05,BTCUSD_PERP,bid,61700,547.5
2024-08-27 20:42:05,BTCUSD_PERP,bid,61700,608.62
2024-08-27 20:42:18,BTCUSD_PERP,bid,61700,486.38
2024-08-27 20:42:19,BTCUSD_PERP,bid,61700,547.18
2024-08-27 20:42:19,BTCUSD_PERP,bid,61700,608.26
2024-08-27 20:42:26,BTCUSD_PERP,bid,61700,487.0
2024-08-27 20:42:27,BTCUSD_PERP,bid,61700,608.62
2024-08-27 20:42:33,BTCUSD_PERP,bid,61700,548.12
2024-08-27 20:42:33,BTCUSD_PERP,bid,61700,487.62
2024-08-27 20:42:34,BTCUSD_PERP,bid,61700,486.76
2024-08-27 20:42:34,BTCUSD_PERP,bid,61700,547.29
2024-08-27 20:42:34,BTCUSD_PERP,bid,61700,608.35
2024-08-27 20:42:35,BTCUSD_PERP,bid,61700,669.51
2024-08-27 20:42:44,BTCUSD_PERP,bid,61700,548.39
2024-08-27 20:42:47,BTCUSD_PERP,bid,61700,608.98
2024-08-27 20:42:47,BTCUSD_PERP,bid,61700,487.62
2024-08-27 20:42:48,BTCUSD_PERP,bid,61700,487.19
2024-08-27 20:42:48,BTCUSD_PERP,bid,61700,497.0
2024-08-27 20:42:48,BTCUSD_PERP,bid,61700,558.09
2024-08-27 20:42:53,BTCUSD_PERP,bid,61700,497.0
2024-08-27 20:43:33,BTCUSD_PERP,bid,61600,486.8
2024-08-27 20:48:26,BTCUSD_PERP,bid,61700,487.71
2024-08-27 20:48:26,BTCUSD_PERP,bid,61700,548.83
2024-08-27 20:48:53,BTCUSD_PERP,bid,61700,488.33
2024-08-27 20:48:54,BTCUSD_PERP,bid,61700,487.95
2024-08-27 20:52:25,BTCUSD_PERP,bid,61700,486.5
2024-08-27 20:56:49,BTCUSD_PERP,bid,61700,608.87
2024-08-27 20:56:50,BTCUSD_PERP,bid,61700,670.02
2024-08-27 20:57:10,BTCUSD_PERP,bid,61700,486.89
2024-08-27 20:58:59,BTCUSD_PERP,bid,61700,547.45
2024-08-27 21:00:45,BTCUSD_PERP,bid,61600,486.52
2024-08-27 21:01:41,BTCUSD_PERP,bid,61700,487.99
2024-08-27 21:01:41,BTCUSD_PERP,bid,61700,549.08
2024-08-27 21:01:42,BTCUSD_PERP,bid,61700,671.26
2024-08-27 21:01:42,BTCUSD_PERP,bid,61700,671.31
2024-08-27 21:01:45,BTCUSD_PERP,bid,61700,488.67
2024-08-27 21:01:45,BTCUSD_PERP,bid,61600,487.12
2024-08-27 21:01:45,BTCUSD_PERP,bid,61600,670.3
2024-08-27 21:01:45,BTCUSD_PERP,bid,61600,731.36
2024-08-27 21:01:46,BTCUSD_PERP,bid,61600,731.4
2024-08-27 21:02:13,BTCUSD_PERP,bid,61600,670.34
2024-08-27 21:02:13,BTCUSD_PERP,bid,61600,609.28
2024-08-27 21:02:14,BTCUSD_PERP,bid,61600,487.16
2024-08-27 21:02:15,BTCUSD_PERP,bid,61700,487.6
2024-08-27 21:02:15,BTCUSD_PERP,bid,61700,548.72
2024-08-27 21:02:38,BTCUSD_PERP,bid,61700,487.6
2024-08-27 21:03:35,BTCUSD_PERP,bid,61700,488.09
2024-08-27 21:04:08,BTCUSD_PERP,bid,61600,487.71
2024-08-27 21:04:08,BTCUSD_PERP,bid,61600,669.47
2024-08-27 21:04:08,BTCUSD_PERP,bid,61600,730.47
2024-08-27 21:04:36,BTCUSD_PERP,bid,61600,547.47
2024-08-27 21:05:05,BTCUSD_PERP,bid,61700,487.54
2024-08-27 21:05:05,BTCUSD_PERP,bid,61700,548.64
2024-08-27 21:05:05,BTCUSD_PERP,bid,61700,609.64
2024-08-27 21:05:22,BTCUSD_PERP,bid,61700,548.54
2024-08-27 21:05:22,BTCUSD_PERP,bid,61700,487.44
2024-08-27 21:05:24,BTCUSD_PERP,bid,61600,548.2
2024-08-27 21:05:24,BTCUSD_PERP,bid,61600,669.08
2024-08-27 21:05:28,BTCUSD_PERP,bid,61600,486.62
2024-08-27 21:05:29,BTCUSD_PERP,bid,61600,791.44
2024-08-27 21:06:15,BTCUSD_PERP,bid,61600,487.27
2024-08-27 21:07:05,BTCUSD_PERP,bid,61500,545.89
2024-08-27 21:07:08,BTCUSD_PERP,bid,61500,545.62
2024-08-27 21:07:08,BTCUSD_PERP,bid,61500,606.52
2024-08-27 21:07:31,BTCUSD_PERP,bid,61400,495.95
2024-08-27 21:07:31,BTCUSD_PERP,bid,61400,556.19
2024-08-27 21:07:31,BTCUSD_PERP,bid,61400,616.43
2024-08-27 21:07:31,BTCUSD_PERP,bid,61400,676.68
2024-08-27 21:07:42,BTCUSD_PERP,bid,61400,554.95
2024-08-27 21:07:42,BTCUSD_PERP,bid,61400,675.93
2024-08-27 21:07:42,BTCUSD_PERP,bid,61400,736.73
2024-08-27 21:07:44,BTCUSD_PERP,bid,61400,675.93
2024-08-27 21:07:45,BTCUSD_PERP,bid,61400,554.33
2024-08-27 21:07:45,BTCUSD_PERP,bid,61400,494.15
2024-08-27 21:07:46,BTCUSD_PERP,bid,61400,544.93
2024-08-27 21:07:47,BTCUSD_PERP,bid,61400,605.76
2024-08-27 21:07:47,BTCUSD_PERP,ask,68000,549.02
2024-08-27 21:07:52,BTCUSD_PERP,bid,61500,546.24
2024-08-27 21:07:52,BTCUSD_PERP,bid,61500,607.14
2024-08-27 21:07:52,BTCUSD_PERP,bid,61400,531.23
2024-08-27 21:07:52,BTCUSD_PERP,bid,61500,668.04
2024-08-27 21:07:52,BTCUSD_PERP,bid,61500,728.94
2024-08-27 21:08:03,BTCUSD_PERP,bid,61500,668.04
2024-08-27 21:08:03,BTCUSD_PERP,bid,61500,607.14
2024-08-27 21:08:08,BTCUSD_PERP,bid,61500,546.21
2024-08-27 21:08:08,BTCUSD_PERP,bid,61500,606.57
2024-08-27 21:08:08,BTCUSD_PERP,bid,61500,667.55
2024-08-27 21:08:08,BTCUSD_PERP,bid,61500,728.53
2024-08-27 21:08:09,BTCUSD_PERP,bid,61500,849.87
2024-08-27 21:08:11,BTCUSD_PERP,bid,61500,788.89
2024-08-27 21:08:11,BTCUSD_PERP,bid,61500,849.82
2024-08-27 21:08:30,BTCUSD_PERP,ask,68000,549.82
2024-08-27 21:08:35,BTCUSD_PERP,bid,61500,788.47
2024-08-27 21:08:35,BTCUSD_PERP,bid,61500,849.37
2024-08-27 21:08:38,BTCUSD_PERP,bid,61500,728.2
2024-08-27 21:08:38,BTCUSD_PERP,bid,61400,727.14
2024-08-27 21:08:38,BTCUSD_PERP,bid,61400,788.0
2024-08-27 21:08:38,BTCUSD_PERP,bid,61400,848.86
2024-08-27 21:08:41,BTCUSD_PERP,bid,61400,787.59
2024-08-27 21:08:41,BTCUSD_PERP,bid,61400,848.42
2024-08-27 21:09:37,BTCUSD_PERP,bid,61300,495.39
2024-08-27 21:09:45,BTCUSD_PERP,bid,61400,545.51
2024-08-27 21:09:45,BTCUSD_PERP,bid,61400,606.34
2024-08-27 21:10:08,BTCUSD_PERP,bid,61300,545.14
2024-08-27 21:10:08,BTCUSD_PERP,bid,61300,666.07
2024-08-27 21:10:08,BTCUSD_PERP,bid,61300,726.85
2024-08-27 21:10:09,BTCUSD_PERP,bid,61300,666.7
2024-08-27 21:10:09,BTCUSD_PERP,bid,61400,544.89
2024-08-27 21:10:37,BTCUSD_PERP,bid,61400,545.97
2024-08-27 21:10:42,BTCUSD_PERP,bid,61400,545.67
2024-08-27 21:10:43,BTCUSD_PERP,bid,61400,547.87
2024-08-27 21:12:28,BTCUSD_PERP,bid,61300,544.44
2024-08-27 21:13:29,BTCUSD_PERP,bid,61300,543.73
2024-08-27 21:13:51,BTCUSD_PERP,bid,61200,543.42
2024-08-27 21:13:51,BTCUSD_PERP,bid,61200,604.09
2024-08-27 21:14:34,BTCUSD_PERP,bid,61200,543.42
2024-08-27 21:14:52,BTCUSD_PERP,bid,61300,605.08
2024-08-27 21:15:17,BTCUSD_PERP,bid,61300,544.32
2024-08-27 21:15:18,BTCUSD_PERP,bid,61300,541.11
2024-08-27 21:15:18,BTCUSD_PERP,bid,61400,545.86
2024-08-27 21:15:18,BTCUSD_PERP,bid,61400,666.84
2024-08-27 21:15:22,BTCUSD_PERP,bid,61400,606.04
2024-08-27 21:15:22,BTCUSD_PERP,bid,61400,545.24
2024-08-27 21:15:55,BTCUSD_PERP,bid,61300,725.66
2024-08-27 21:15:55,BTCUSD_PERP,bid,61300,786.39
2024-08-27 21:15:56,BTCUSD_PERP,bid,61300,847.12
2024-08-27 21:16:02,BTCUSD_PERP,bid,61300,725.66
2024-08-27 21:16:03,BTCUSD_PERP,bid,61300,664.93
2024-08-27 21:16:03,BTCUSD_PERP,bid,61300,603.87
2024-08-27 21:16:03,BTCUSD_PERP,bid,61300,664.57
2024-08-27 21:16:07,BTCUSD_PERP,bid,61200,785.48
2024-08-27 21:16:07,BTCUSD_PERP,bid,61200,846.14
2024-08-27 21:16:10,BTCUSD_PERP,bid,61200,725.44
2024-08-27 21:16:11,BTCUSD_PERP,bid,61200,604.74
2024-08-27 21:16:11,BTCUSD_PERP,bid,61200,544.08
2024-08-27 21:17:03,BTCUSD_PERP,ask,62500,516.37
2024-08-27 21:17:03,BTCUSD_PERP,ask,62500,541.13
2024-08-27 21:17:03,BTCUSD_PERP,ask,62500,550.41
2024-08-27 21:17:04,BTCUSD_PERP,ask,62500,559.78
2024-08-27 21:17:14,BTCUSD_PERP,ask,62500,525.74
2024-08-27 21:18:26,BTCUSD_PERP,bid,61400,493.69
2024-08-27 21:18:26,BTCUSD_PERP,bid,61400,554.51
2024-08-27 21:18:37,BTCUSD_PERP,bid,61400,494.31
2024-08-27 21:18:39,BTCUSD_PERP,bid,61400,501.24
2024-08-27 21:20:23,BTCUSD_PERP,bid,61200,666.77
2024-08-27 21:20:23,BTCUSD_PERP,bid,61200,909.37
2024-08-27 21:20:23,BTCUSD_PERP,bid,61200,970.02
2024-08-27 21:20:24,BTCUSD_PERP,bid,61200,909.37
2024-08-27 21:20:30,BTCUSD_PERP,bid,61300,664.94
2024-08-27 21:20:30,BTCUSD_PERP,bid,61300,786.42
2024-08-27 21:20:31,BTCUSD_PERP,bid,61300,907.9
2024-08-27 21:20:31,BTCUSD_PERP,bid,61200,545.0
2024-08-27 21:20:31,BTCUSD_PERP,bid,61300,968.02
2024-08-27 21:20:31,BTCUSD_PERP,bid,61200,590.51
2024-08-27 21:20:42,BTCUSD_PERP,bid,61200,530.44
2024-08-27 21:20:42,BTCUSD_PERP,bid,61300,544.08
2024-08-27 21:20:42,BTCUSD_PERP,bid,61200,529.6
2024-08-27 21:20:42,BTCUSD_PERP,bid,61300,846.7
2024-08-27 21:20:42,BTCUSD_PERP,bid,61200,590.2
2024-08-27 21:20:42,BTCUSD_PERP,bid,61300,907.41
2024-08-27 21:20:44,BTCUSD_PERP,bid,61300,846.7
2024-08-27 21:20:44,BTCUSD_PERP,bid,61300,785.99
2024-08-27 21:20:44,BTCUSD_PERP,bid,61200,530.16
2024-08-27 21:20:44,BTCUSD_PERP,bid,61300,725.28
2024-08-27 21:20:44,BTCUSD_PERP,bid,61300,665.2
2024-08-27 21:20:44,BTCUSD_PERP,bid,61300,604.49
2024-08-27 21:20:45,BTCUSD_PERP,bid,61300,544.83
2024-08-27 21:20:45,BTCUSD_PERP,bid,61300,604.95
2024-08-27 21:20:45,BTCUSD_PERP,bid,61200,529.87
2024-08-27 21:20:45,BTCUSD_PERP,bid,61300,725.8
2024-08-27 21:20:45,BTCUSD_PERP,bid,61200,590.51
2024-08-27 21:20:45,BTCUSD_PERP,bid,61300,786.53
2024-08-27 21:20:45,BTCUSD_PERP,bid,61300,846.65
2024-08-27 21:20:46,BTCUSD_PERP,bid,61300,907.38
2024-08-27 21:20:59,BTCUSD_PERP,bid,61300,847.26
2024-08-27 21:20:59,BTCUSD_PERP,bid,61300,787.14
2024-08-27 21:20:59,BTCUSD_PERP,bid,61200,545.0
2024-08-27 21:20:59,BTCUSD_PERP,bid,61300,726.41
2024-08-27 21:20:59,BTCUSD_PERP,bid,61300,665.68
2024-08-27 21:21:00,BTCUSD_PERP,bid,61300,544.83
2024-08-27 21:21:04,BTCUSD_PERP,bid,61300,544.4
2024-08-27 21:21:18,BTCUSD_PERP,bid,61300,545.51
2024-08-27 21:21:19,BTCUSD_PERP,bid,61300,606.26
2024-08-27 21:21:26,BTCUSD_PERP,bid,61300,667.01
2024-08-27 21:22:20,BTCUSD_PERP,bid,61300,606.26
2024-08-27 21:22:51,BTCUSD_PERP,bid,61300,543.65
2024-08-27 21:22:51,BTCUSD_PERP,bid,61300,604.33
2024-08-27 21:22:51,BTCUSD_PERP,bid,61300,665.01
2024-08-27 21:22:51,BTCUSD_PERP,bid,61300,725.07
2024-08-27 21:22:52,BTCUSD_PERP,bid,61300,727.27
2024-08-27 21:23:14,BTCUSD_PERP,bid,61300,667.21
2024-08-27 21:23:14,BTCUSD_PERP,bid,61300,607.15
2024-08-27 21:23:14,BTCUSD_PERP,bid,61300,546.47
2024-08-27 21:23:16,BTCUSD_PERP,bid,61300,544.07
2024-08-27 21:23:16,BTCUSD_PERP,bid,61300,604.8
2024-08-27 21:23:16,BTCUSD_PERP,bid,61300,665.53
2024-08-27 21:23:46,BTCUSD_PERP,bid,61300,605.42
2024-08-27 21:23:47,BTCUSD_PERP,bid,61300,544.69
2024-08-27 21:23:48,BTCUSD_PERP,bid,61300,676.73
2024-08-27 21:24:00,BTCUSD_PERP,bid,61300,615.97
2024-08-27 21:24:03,BTCUSD_PERP,bid,61300,495.07
2024-08-27 21:24:10,BTCUSD_PERP,bid,61400,606.62
2024-08-27 21:24:10,BTCUSD_PERP,bid,61400,666.85
2024-08-27 21:24:19,BTCUSD_PERP,bid,42000,1061.87
2024-08-27 21:24:19,BTCUSD_PERP,bid,44000,1127.08
2024-08-27 21:24:19,BTCUSD_PERP,bid,47000,2441.51
2024-08-27 21:24:57,BTCUSD_PERP,bid,61400,606.0
2024-08-27 21:24:58,BTCUSD_PERP,bid,61400,545.51
2024-08-27 21:26:59,BTCUSD_PERP,ask,68000,551.82
2024-08-27 21:27:13,BTCUSD_PERP,bid,44000,1127.22
2024-08-27 21:29:10,BTCUSD_PERP,bid,47000,2441.5
2024-08-27 21:31:05,BTCUSD_PERP,bid,61500,546.6
2024-08-27 21:33:14,BTCUSD_PERP,bid,61500,667.57
2024-08-27 21:33:14,BTCUSD_PERP,bid,61500,789.51
2024-08-27 21:33:14,BTCUSD_PERP,bid,61500,496.45
2024-08-27 21:33:15,BTCUSD_PERP,bid,61500,849.86
2024-08-27 21:33:51,BTCUSD_PERP,bid,61500,789.51
2024-08-27 21:33:51,BTCUSD_PERP,bid,61500,729.16
2024-08-27 21:33:52,BTCUSD_PERP,bid,61500,607.84
2024-08-27 21:33:52,BTCUSD_PERP,bid,61500,546.87
2024-08-27 21:34:03,BTCUSD_PERP,bid,61500,545.89
2024-08-27 21:34:38,BTCUSD_PERP,bid,61500,496.27
2024-08-27 21:34:41,BTCUSD_PERP,bid,61500,545.62
2024-08-27 21:34:58,BTCUSD_PERP,bid,61400,545.97
2024-08-27 21:36:16,BTCUSD_PERP,bid,61400,544.72
2024-08-27 21:36:52,BTCUSD_PERP,bid,61400,545.69
2024-08-27 21:36:52,BTCUSD_PERP,bid,61400,605.9
2024-08-27 21:37:41,BTCUSD_PERP,bid,61400,545.06
2024-08-27 21:37:42,BTCUSD_PERP,bid,61400,544.12
2024-08-27 21:37:42,BTCUSD_PERP,bid,61400,604.92
2024-08-27 21:37:42,BTCUSD_PERP,bid,61400,665.72
2024-08-27 21:38:21,BTCUSD_PERP,bid,61400,667.28
2024-08-27 21:38:38,BTCUSD_PERP,bid,61400,607.1
2024-08-27 21:38:39,BTCUSD_PERP,bid,61400,787.42
2024-08-27 21:38:39,BTCUSD_PERP,bid,61400,848.26
2024-08-27 21:38:43,BTCUSD_PERP,bid,61400,848.31
2024-08-27 21:38:44,BTCUSD_PERP,bid,61400,787.47
2024-08-27 21:38:44,BTCUSD_PERP,bid,61400,726.63
2024-08-27 21:38:44,BTCUSD_PERP,bid,61400,665.79
2024-08-27 21:38:44,BTCUSD_PERP,bid,61400,604.95
2024-08-27 21:38:45,BTCUSD_PERP,bid,61400,544.11
2024-08-27 21:38:46,BTCUSD_PERP,bid,61400,544.9
2024-08-27 21:38:46,BTCUSD_PERP,bid,61400,605.15
2024-08-27 21:39:45,BTCUSD_PERP,bid,61500,487.11
2024-08-27 21:39:46,BTCUSD_PERP,bid,61500,2176.56
2024-08-27 21:42:57,BTCUSD_PERP,bid,61500,2176.59
2024-08-27 21:43:01,BTCUSD_PERP,bid,61500,2184.32
2024-08-27 21:43:04,BTCUSD_PERP,bid,61500,544.03
2024-08-27 21:43:04,BTCUSD_PERP,bid,61500,604.96
2024-08-27 21:43:23,BTCUSD_PERP,bid,61500,2176.59
2024-08-27 21:43:27,BTCUSD_PERP,bid,61500,607.71
2024-08-27 21:43:27,BTCUSD_PERP,bid,61500,668.05
2024-08-27 21:43:27,BTCUSD_PERP,bid,61500,729.02
2024-08-27 21:44:14,BTCUSD_PERP,bid,47000,2441.27
2024-08-27 21:45:04,BTCUSD_PERP,bid,61500,2176.66
2024-08-27 21:45:29,BTCUSD_PERP,bid,61500,668.68
2024-08-27 21:45:29,BTCUSD_PERP,bid,61500,546.74
2024-08-27 21:46:18,BTCUSD_PERP,bid,61900,2001.26
2024-08-27 21:46:23,BTCUSD_PERP,bid,61900,2002.19
2024-08-27 21:46:25,BTCUSD_PERP,bid,61900,2001.26
2024-08-27 21:46:28,BTCUSD_PERP,bid,61900,2002.17
2024-08-27 21:46:29,BTCUSD_PERP,bid,61900,2001.26
2024-08-27 21:46:29,BTCUSD_PERP,bid,61900,2002.12
2024-08-27 21:46:32,BTCUSD_PERP,bid,61900,2002.12
2024-08-27 21:46:33,BTCUSD_PERP,bid,61900,2001.26
2024-08-27 21:46:36,BTCUSD_PERP,bid,61900,2001.27
2024-08-27 21:46:36,BTCUSD_PERP,bid,61900,2001.26
2024-08-27 21:46:49,BTCUSD_PERP,bid,61900,2002.13
2024-08-27 21:46:50,BTCUSD_PERP,bid,61900,2001.26
2024-08-27 21:46:54,BTCUSD_PERP,bid,61900,2002.16
2024-08-27 21:46:56,BTCUSD_PERP,bid,61900,2001.26
2024-08-27 21:47:29,BTCUSD_PERP,bid,61900,2005.16
2024-08-27 21:47:30,BTCUSD_PERP,bid,61900,2002.16
2024-08-27 21:47:35,BTCUSD_PERP,bid,61900,2001.68
2024-08-27 21:47:37,BTCUSD_PERP,bid,61900,2000.76
2024-08-27 21:47:39,BTCUSD_PERP,bid,61900,2001.65
2024-08-27 21:47:40,BTCUSD_PERP,bid,61900,2000.76
2024-08-27 21:47:47,BTCUSD_PERP,bid,61900,2247.9
2024-08-27 21:47:47,BTCUSD_PERP,bid,61900,2000.76
2024-08-27 21:48:05,BTCUSD_PERP,bid,61900,2000.76
2024-08-27 21:48:08,BTCUSD_PERP,bid,61900,2003.56
2024-08-27 21:48:08,BTCUSD_PERP,bid,61900,2000.76
2024-08-27 21:48:11,BTCUSD_PERP,bid,61900,2001.68
2024-08-27 21:48:12,BTCUSD_PERP,bid,61900,2000.76
2024-08-27 21:48:17,BTCUSD_PERP,bid,61900,2001.62
2024-08-27 21:48:18,BTCUSD_PERP,bid,61900,2000.01
2024-08-27 21:48:20,BTCUSD_PERP,bid,61900,2000.89
2024-08-27 21:48:21,BTCUSD_PERP,bid,61900,2002.38
2024-08-27 21:48:21,BTCUSD_PERP,bid,61900,2000.89
2024-08-27 21:48:23,BTCUSD_PERP,bid,61900,2002.37
2024-08-27 21:48:23,BTCUSD_PERP,bid,61900,2001.49
2024-08-27 21:48:25,BTCUSD_PERP,bid,61400,667.49
2024-08-27 21:48:26,BTCUSD_PERP,bid,61900,2001.03
2024-08-27 21:48:26,BTCUSD_PERP,bid,61400,728.35
2024-08-27 21:48:26,BTCUSD_PERP,bid,61900,2000.07
2024-08-27 21:48:27,BTCUSD_PERP,bid,61900,2000.07
2024-08-27 21:48:30,BTCUSD_PERP,bid,61900,2000.07
2024-08-27 21:48:39,BTCUSD_PERP,bid,61900,2000.0
2024-08-27 21:48:42,BTCUSD_PERP,bid,61900,1780.15
2024-08-27 21:48:42,BTCUSD_PERP,bid,61900,1779.77
2024-08-27 21:48:42,BTCUSD_PERP,bid,61900,1781.88
2024-08-27 21:48:43,BTCUSD_PERP,bid,61900,1781.9
2024-08-27 21:48:43,BTCUSD_PERP,bid,61900,1781.91
2024-08-27 21:48:44,BTCUSD_PERP,bid,61900,1781.09
2024-08-27 21:48:44,BTCUSD_PERP,bid,61900,1781.03
2024-08-27 21:48:44,BTCUSD_PERP,bid,61900,1780.79
2024-08-27 21:48:45,BTCUSD_PERP,bid,61900,1778.64
2024-08-27 21:48:45,BTCUSD_PERP,bid,61900,1751.32
2024-08-27 21:48:45,BTCUSD_PERP,bid,61900,1750.53
2024-08-27 21:48:45,BTCUSD_PERP,bid,61900,1752.52
2024-08-27 21:48:45,BTCUSD_PERP,bid,61900,1739.29
2024-08-27 21:48:46,BTCUSD_PERP,bid,61900,1739.19
2024-08-27 21:48:46,BTCUSD_PERP,bid,61900,1737.7
2024-08-27 21:48:46,BTCUSD_PERP,bid,61900,1736.54
2024-08-27 21:48:46,BTCUSD_PERP,bid,61900,1735.97
2024-08-27 21:48:46,BTCUSD_PERP,bid,61900,1734.83
2024-08-27 21:48:46,BTCUSD_PERP,bid,61900,1734.16
2024-08-27 21:48:46,BTCUSD_PERP,bid,61900,1733.76
2024-08-27 21:48:46,BTCUSD_PERP,bid,61900,1733.73
2024-08-27 21:48:47,BTCUSD_PERP,bid,61900,1733.68
2024-08-27 21:48:47,BTCUSD_PERP,bid,61900,1729.05
2024-08-27 21:48:47,BTCUSD_PERP,bid,61900,1731.18
2024-08-27 21:48:47,BTCUSD_PERP,bid,61900,1731.53
2024-08-27 21:48:47,BTCUSD_PERP,bid,61900,1655.24
2024-08-27 21:48:47,BTCUSD_PERP,bid,61900,1655.15
2024-08-27 21:48:47,BTCUSD_PERP,bid,61900,1654.53
2024-08-27 21:48:47,BTCUSD_PERP,bid,61900,1654.43
2024-08-27 21:48:49,BTCUSD_PERP,bid,61900,1654.37
2024-08-27 21:48:49,BTCUSD_PERP,bid,61900,1654.33
2024-08-27 21:48:50,BTCUSD_PERP,bid,61900,1654.43
2024-08-27 21:48:50,BTCUSD_PERP,bid,61900,1653.6
2024-08-27 21:48:51,BTCUSD_PERP,bid,61900,1653.61
2024-08-27 21:48:51,BTCUSD_PERP,bid,61900,1653.62
2024-08-27 21:48:51,BTCUSD_PERP,bid,61900,1653.52
2024-08-27 21:48:51,BTCUSD_PERP,bid,61900,1653.42
2024-08-27 21:48:52,BTCUSD_PERP,bid,61900,1653.37
2024-08-27 21:48:52,BTCUSD_PERP,bid,61900,1653.28
2024-08-27 21:48:52,BTCUSD_PERP,bid,61900,1653.18
2024-08-27 21:48:52,BTCUSD_PERP,bid,61900,1652.98
2024-08-27 21:48:53,BTCUSD_PERP,bid,61900,1651.35
2024-08-27 21:48:53,BTCUSD_PERP,bid,61900,1651.27
2024-08-27 21:48:53,BTCUSD_PERP,bid,61900,1651.24
2024-08-27 21:48:53,BTCUSD_PERP,bid,61900,1650.51
2024-08-27 21:48:53,BTCUSD_PERP,bid,61900,1633.25
2024-08-27 21:48:53,BTCUSD_PERP,bid,61900,1632.96
2024-08-27 21:48:54,BTCUSD_PERP,bid,61900,1632.89
2024-08-27 21:48:54,BTCUSD_PERP,bid,61900,1632.55
2024-08-27 21:48:54,BTCUSD_PERP,bid,61900,1632.47
2024-08-27 21:48:54,BTCUSD_PERP,bid,61900,1632.38
2024-08-27 21:48:55,BTCUSD_PERP,bid,61900,1634.51
2024-08-27 21:48:55,BTCUSD_PERP,bid,61900,1634.85
2024-08-27 21:48:55,BTCUSD_PERP,bid,61900,1634.85
2024-08-27 21:48:55,BTCUSD_PERP,bid,61900,1634.51
2024-08-27 21:48:55,BTCUSD_PERP,bid,61900,1627.19
2024-08-27 21:48:56,BTCUSD_PERP,bid,61900,1577.26
2024-08-27 21:48:56,BTCUSD_PERP,bid,61900,1574.71
2024-08-27 21:48:56,BTCUSD_PERP,bid,61900,1576.05
2024-08-27 21:48:56,BTCUSD_PERP,bid,61900,1576.15
2024-08-27 21:48:56,BTCUSD_PERP,bid,61900,1575.15
2024-08-27 21:48:57,BTCUSD_PERP,bid,61900,1574.93
2024-08-27 21:48:57,BTCUSD_PERP,bid,61900,1574.95
2024-08-27 21:48:57,BTCUSD_PERP,bid,61900,1575.05
2024-08-27 21:48:57,BTCUSD_PERP,bid,61900,1575.04
2024-08-27 21:48:57,BTCUSD_PERP,bid,61900,1575.03
2024-08-27 21:48:58,BTCUSD_PERP,bid,61900,1574.47
2024-08-27 21:48:58,BTCUSD_PERP,bid,61900,1573.92
2024-08-27 21:48:58,BTCUSD_PERP,bid,61900,1573.6
2024-08-27 21:48:59,BTCUSD_PERP,bid,61900,1573.62
2024-08-27 21:48:59,BTCUSD_PERP,bid,61900,1573.52
2024-08-27 21:48:59,BTCUSD_PERP,bid,61900,1573.5
2024-08-27 21:49:00,BTCUSD_PERP,bid,61900,1573.51
2024-08-27 21:49:00,BTCUSD_PERP,bid,61900,1539.48
2024-08-27 21:49:00,BTCUSD_PERP,bid,61900,1538.88
2024-08-27 21:49:00,BTCUSD_PERP,bid,61900,1482.19
2024-08-27 21:49:01,BTCUSD_PERP,bid,61900,1481.54
2024-08-27 21:49:01,BTCUSD_PERP,bid,61900,1481.45
2024-08-27 21:49:01,BTCUSD_PERP,bid,61900,1481.46
2024-08-27 21:49:01,BTCUSD_PERP,bid,61900,1480.91
2024-08-27 21:49:01,BTCUSD_PERP,bid,61900,1423.9
2024-08-27 21:49:01,BTCUSD_PERP,bid,61900,1421.35
2024-08-27 21:49:01,BTCUSD_PERP,bid,61900,1421.23
2024-08-27 21:49:02,BTCUSD_PERP,bid,61900,1415.24
2024-08-27 21:49:02,BTCUSD_PERP,bid,61900,1415.18
2024-08-27 21:49:02,BTCUSD_PERP,bid,61900,1278.29
2024-08-27 21:49:02,BTCUSD_PERP,bid,61900,1277.03
2024-08-27 21:49:02,BTCUSD_PERP,bid,61900,1275.21
2024-08-27 21:49:03,BTCUSD_PERP,bid,61900,1269.27
2024-08-27 21:49:03,BTCUSD_PERP,bid,61900,1261.23
2024-08-27 21:49:03,BTCUSD_PERP,bid,61900,1257.23
2024-08-27 21:49:03,BTCUSD_PERP,bid,61900,1256.79
2024-08-27 21:49:03,BTCUSD_PERP,bid,61900,1138.68
2024-08-27 21:49:03,BTCUSD_PERP,bid,61900,1137.28
2024-08-27 21:49:03,BTCUSD_PERP,bid,61900,1132.49
2024-08-27 21:49:04,BTCUSD_PERP,bid,61900,1120.88
2024-08-27 21:49:04,BTCUSD_PERP,bid,61900,1110.69
2024-08-27 21:49:04,BTCUSD_PERP,bid,61900,1109.68
2024-08-27 21:49:04,BTCUSD_PERP,bid,61900,1087.75
2024-08-27 21:49:04,BTCUSD_PERP,bid,61900,1016.11
2024-08-27 21:49:04,BTCUSD_PERP,bid,61900,1001.07
2024-08-27 21:49:04,BTCUSD_PERP,bid,61900,1001.14
2024-08-27 21:49:04,BTCUSD_PERP,bid,61900,1000.97
2024-08-27 21:49:04,BTCUSD_PERP,bid,61900,993.67
2024-08-27 21:49:04,BTCUSD_PERP,bid,61900,989.65
2024-08-27 21:49:05,BTCUSD_PERP,bid,61900,988.03
2024-08-27 21:49:05,BTCUSD_PERP,bid,61900,974.16
2024-08-27 21:49:05,BTCUSD_PERP,bid,61900,974.15
2024-08-27 21:49:05,BTCUSD_PERP,bid,61900,961.15
2024-08-27 21:49:05,BTCUSD_PERP,bid,61900,961.17
2024-08-27 21:49:05,BTCUSD_PERP,bid,61900,947.56
2024-08-27 21:49:05,BTCUSD_PERP,bid,61900,941.04
2024-08-27 21:49:05,BTCUSD_PERP,bid,61900,939.28
2024-08-27 21:49:05,BTCUSD_PERP,bid,61900,935.28
2024-08-27 21:49:06,BTCUSD_PERP,bid,61900,935.25
2024-08-27 21:49:06,BTCUSD_PERP,bid,61900,933.05
2024-08-27 21:49:06,BTCUSD_PERP,bid,61900,930.15
2024-08-27 21:49:06,BTCUSD_PERP,bid,61900,929.65
2024-08-27 21:49:06,BTCUSD_PERP,bid,61900,924.65
2024-08-27 21:49:06,BTCUSD_PERP,bid,61900,919.54
2024-08-27 21:49:06,BTCUSD_PERP,bid,61900,918.89
2024-08-27 21:49:06,BTCUSD_PERP,bid,61900,913.28
2024-08-27 21:49:07,BTCUSD_PERP,bid,61900,912.64
2024-08-27 21:49:07,BTCUSD_PERP,bid,61900,911.12
2024-08-27 21:49:07,BTCUSD_PERP,bid,61900,910.61
2024-08-27 21:49:07,BTCUSD_PERP,bid,61900,910.05
2024-08-27 21:49:07,BTCUSD_PERP,bid,61900,909.29
2024-08-27 21:49:07,BTCUSD_PERP,bid,61900,907.52
2024-08-27 21:49:07,BTCUSD_PERP,bid,61900,903.49
2024-08-27 21:49:07,BTCUSD_PERP,bid,61900,898.47
2024-08-27 21:49:07,BTCUSD_PERP,bid,61900,897.97
2024-08-27 21:49:08,BTCUSD_PERP,bid,61900,897.22
2024-08-27 21:49:08,BTCUSD_PERP,bid,61900,896.69
2024-08-27 21:49:08,BTCUSD_PERP,bid,61900,895.94
2024-08-27 21:49:08,BTCUSD_PERP,bid,61900,895.44
2024-08-27 21:49:08,BTCUSD_PERP,bid,61900,894.94
2024-08-27 21:49:08,BTCUSD_PERP,bid,61900,890.31
2024-08-27 21:49:08,BTCUSD_PERP,bid,61900,889.47
2024-08-27 21:49:08,BTCUSD_PERP,bid,61900,885.25
2024-08-27 21:49:08,BTCUSD_PERP,bid,61900,884.24
2024-08-27 21:49:09,BTCUSD_PERP,bid,61900,883.43
2024-08-27 21:49:09,BTCUSD_PERP,bid,61900,878.51
2024-08-27 21:49:09,BTCUSD_PERP,bid,61900,877.72
2024-08-27 21:49:09,BTCUSD_PERP,bid,61900,877.13
2024-08-27 21:49:09,BTCUSD_PERP,bid,61900,876.31
2024-08-27 21:49:09,BTCUSD_PERP,bid,61900,875.72
2024-08-27 21:49:09,BTCUSD_PERP,bid,61900,874.92
2024-08-27 21:49:09,BTCUSD_PERP,bid,61900,874.36
2024-08-27 21:49:09,BTCUSD_PERP,bid,61900,873.57
2024-08-27 21:49:10,BTCUSD_PERP,bid,61900,872.57
2024-08-27 21:49:10,BTCUSD_PERP,bid,61900,866.75
2024-08-27 21:49:10,BTCUSD_PERP,bid,61900,861.5
2024-08-27 21:49:10,BTCUSD_PERP,bid,61900,849.91
2024-08-27 21:49:10,BTCUSD_PERP,bid,61900,846.58
2024-08-27 21:49:10,BTCUSD_PERP,bid,61900,834.08
2024-08-27 21:49:10,BTCUSD_PERP,bid,61900,829.09
2024-08-27 21:49:10,BTCUSD_PERP,bid,61900,829.08
2024-08-27 21:49:10,BTCUSD_PERP,bid,61900,795.31
2024-08-27 21:49:10,BTCUSD_PERP,bid,61900,794.03
2024-08-27 21:49:11,BTCUSD_PERP,bid,61900,792.66
2024-08-27 21:49:11,BTCUSD_PERP,bid,61900,781.41
2024-08-27 21:49:11,BTCUSD_PERP,bid,61900,780.5
2024-08-27 21:49:11,BTCUSD_PERP,bid,61900,775.59
2024-08-27 21:49:11,BTCUSD_PERP,bid,61900,774.13
2024-08-27 21:49:11,BTCUSD_PERP,bid,61900,773.3
2024-08-27 21:49:11,BTCUSD_PERP,bid,61900,767.41
2024-08-27 21:49:11,BTCUSD_PERP,bid,61900,761.29
2024-08-27 21:49:11,BTCUSD_PERP,bid,61900,711.58
2024-08-27 21:49:11,BTCUSD_PERP,bid,61900,710.91
2024-08-27 21:49:12,BTCUSD_PERP,bid,61900,710.5
2024-08-27 21:49:12,BTCUSD_PERP,bid,61900,712.01
2024-08-27 21:49:12,BTCUSD_PERP,bid,61900,711.02
2024-08-27 21:49:12,BTCUSD_PERP,bid,61900,714.11
2024-08-27 21:49:13,BTCUSD_PERP,bid,61900,714.12
2024-08-27 21:49:13,BTCUSD_PERP,bid,61900,714.14
2024-08-27 21:49:13,BTCUSD_PERP,bid,61900,714.13
2024-08-27 21:49:13,BTCUSD_PERP,bid,61900,712.35
2024-08-27 21:49:15,BTCUSD_PERP,bid,61900,713.35
2024-08-27 21:49:15,BTCUSD_PERP,bid,61900,711.87
2024-08-27 21:49:15,BTCUSD_PERP,bid,61900,711.85
2024-08-27 21:49:15,BTCUSD_PERP,bid,61900,711.84
2024-08-27 21:49:16,BTCUSD_PERP,bid,61900,710.84
2024-08-27 21:49:17,BTCUSD_PERP,bid,61900,710.85
2024-08-27 21:49:17,BTCUSD_PERP,bid,61900,748.03
2024-08-27 21:49:17,BTCUSD_PERP,bid,61900,748.04
2024-08-27 21:49:17,BTCUSD_PERP,bid,61900,748.02
2024-08-27 21:49:18,BTCUSD_PERP,bid,61900,750.52
2024-08-27 21:49:19,BTCUSD_PERP,bid,61900,745.02
2024-08-27 21:49:19,BTCUSD_PERP,bid,61900,744.98
2024-08-27 21:49:19,BTCUSD_PERP,bid,61900,744.94
2024-08-27 21:49:21,BTCUSD_PERP,bid,61900,744.93
2024-08-27 21:49:22,BTCUSD_PERP,bid,61900,744.94
2024-08-27 21:49:24,BTCUSD_PERP,bid,61900,744.74
2024-08-27 21:49:29,BTCUSD_PERP,bid,61900,707.56
2024-08-27 21:49:32,BTCUSD_PERP,bid,61900,707.57
2024-08-27 21:49:32,BTCUSD_PERP,bid,61900,708.48
2024-08-27 21:49:36,BTCUSD_PERP,bid,61900,713.55
2024-08-27 21:49:37,BTCUSD_PERP,bid,61900,709.91
2024-08-27 21:49:56,BTCUSD_PERP,bid,61900,709.9
2024-08-27 21:49:57,BTCUSD_PERP,bid,61900,707.56
2024-08-27 21:50:00,BTCUSD_PERP,bid,61900,706.6
2024-08-27 21:50:00,BTCUSD_PERP,bid,61900,664.46
2024-08-27 21:50:00,BTCUSD_PERP,bid,61900,665.87
2024-08-27 21:50:01,BTCUSD_PERP,bid,61900,665.83
2024-08-27 21:50:01,BTCUSD_PERP,bid,61900,665.93
2024-08-27 21:50:02,BTCUSD_PERP,bid,61900,657.7
2024-08-27 21:50:02,BTCUSD_PERP,bid,61900,657.08
2024-08-27 21:50:02,BTCUSD_PERP,bid,61900,657.09
2024-08-27 21:50:04,BTCUSD_PERP,bid,61900,655.16
2024-08-27 21:50:04,BTCUSD_PERP,bid,61900,654.54
2024-08-27 21:50:13,BTCUSD_PERP,bid,61400,727.26
2024-08-27 21:50:13,BTCUSD_PERP,bid,61400,969.3
2024-08-27 21:50:14,BTCUSD_PERP,bid,61400,1030.12
2024-08-27 21:50:20,BTCUSD_PERP,bid,61400,918.12
2024-08-27 21:50:20,BTCUSD_PERP,bid,61400,978.9
2024-08-27 21:51:04,BTCUSD_PERP,bid,61400,918.12
2024-08-27 21:51:04,BTCUSD_PERP,bid,61400,857.34
2024-08-27 21:51:04,BTCUSD_PERP,bid,61400,736.4
2024-08-27 21:51:04,BTCUSD_PERP,bid,61400,676.24
2024-08-27 21:51:05,BTCUSD_PERP,bid,61400,615.46
2024-08-27 21:51:05,BTCUSD_PERP,bid,61400,554.68
2024-08-27 21:51:05,BTCUSD_PERP,bid,61400,494.51
2024-08-27 21:51:54,BTCUSD_PERP,bid,61300,544.34
2024-08-27 21:53:50,BTCUSD_PERP,bid,61300,604.98
