2024-09-13 18:44:08,BTCUSDT,bid,47500,634.622
2024-09-13 18:58:01,BTCUSDT,bid,47000,871.801
2024-09-13 19:01:21,BTCUSDT,bid,47000,871.886
2024-09-13 19:19:03,BTCUSDT,bid,47000,871.801
2024-09-13 19:25:46,BTCUSDT,bid,47000,870.301
2024-09-13 19:31:41,BTCUSDT,bid,47000,870.304
2024-09-13 19:33:32,BTCUSDT,bid,47000,870.262
2024-09-13 19:36:42,BTCUSDT,bid,47000,869.354
2024-09-13 19:52:25,BTCUSDT,bid,47500,635.402
2024-09-13 19:52:29,BTCUSDT,bid,47500,635.826
2024-09-13 20:01:19,BTCUSDT,bid,47500,635.402
2024-09-13 20:05:05,BTCUSDT,bid,47000,870.262
2024-09-13 20:05:58,BTCUSDT,bid,47500,635.408
2024-09-13 20:21:02,BTCUSDT,bid,47000,870.192
2024-09-13 20:26:12,BTCUSDT,bid,47000,869.284
2024-09-13 20:29:06,BTCUSDT,bid,47500,635.404
2024-09-13 20:29:30,BTCUSDT,bid,47000,869.29
2024-09-13 20:34:33,BTCUSDT,bid,47500,634.624
2024-09-13 20:44:17,BTCUSDT,bid,47000,869.284
2024-09-13 20:46:42,BTCUSDT,bid,47000,871.59
2024-09-13 20:47:50,BTCUSDT,bid,47000,872.073
2024-09-13 21:05:10,BTCUSDT,bid,47500,637.021
2024-09-13 21:41:55,BTCUSDT,bid,47000,871.59
2024-09-13 21:44:39,BTCUSDT,bid,47500,634.624
2024-09-13 21:45:11,BTCUSDT,bid,47000,869.284
2024-09-13 21:50:01,BTCUSDT,bid,58200,1002.428
2024-09-13 21:50:01,BTCUSDT,bid,58200,1000.468
2024-09-13 21:50:01,BTCUSDT,bid,58200,1000.468
2024-09-13 21:50:01,BTCUSDT,bid,58200,1000.428
2024-09-13 21:54:16,BTCUSDT,bid,58200,1001.488
2024-09-13 21:54:16,BTCUSDT,bid,58200,1001.172
2024-09-13 21:54:16,BTCUSDT,bid,58200,1001.174
2024-09-13 21:54:19,BTCUSDT,bid,58200,1001.172
2024-09-13 21:54:19,BTCUSDT,bid,58200,1001.218
2024-09-13 21:54:22,BTCUSDT,bid,58200,1001.204
2024-09-13 21:54:23,BTCUSDT,bid,58200,1001.184
2024-09-13 21:54:24,BTCUSDT,bid,58200,1001.186
2024-09-13 21:54:24,BTCUSDT,bid,58200,1001.188
2024-09-13 21:54:24,BTCUSDT,bid,58200,1001.186
2024-09-13 21:54:24,BTCUSDT,bid,58200,1001.234
2024-09-13 21:54:26,BTCUSDT,bid,58200,1001.052
2024-09-13 21:54:32,BTCUSDT,bid,58200,1001.097
2024-09-13 21:54:34,BTCUSDT,bid,58200,1000.997
2024-09-13 21:54:38,BTCUSDT,bid,58200,1001.079
2024-09-13 21:54:46,BTCUSDT,bid,58200,1001.007
2024-09-13 21:54:46,BTCUSDT,bid,58200,1000.974
2024-09-13 21:54:47,BTCUSDT,bid,58200,1001.024
2024-09-13 21:54:47,BTCUSDT,bid,58200,1003.024
2024-09-13 21:54:51,BTCUSDT,bid,58200,1003.024
2024-09-13 21:54:56,BTCUSDT,bid,58200,1003.195
2024-09-13 21:55:03,BTCUSDT,bid,58200,1003.175
2024-09-13 21:55:03,BTCUSDT,bid,58200,1003.198
2024-09-13 21:55:04,BTCUSDT,bid,58200,600.325
2024-09-13 21:55:05,BTCUSDT,bid,58200,600.24
2024-09-13 21:55:06,BTCUSDT,bid,58200,600.24
2024-09-13 21:55:06,BTCUSDT,bid,58200,600.238
2024-09-13 21:55:07,BTCUSDT,bid,58200,600.249
2024-09-13 21:55:09,BTCUSDT,bid,58200,1003.145
2024-09-13 21:55:09,BTCUSDT,bid,58200,1004.551
2024-09-13 21:55:09,BTCUSDT,bid,58200,600.302
2024-09-13 21:55:10,BTCUSDT,bid,58200,600.342
2024-09-13 21:55:10,BTCUSDT,bid,58200,600.302
2024-09-13 21:55:12,BTCUSDT,bid,58200,1004.553
2024-09-13 21:55:12,BTCUSDT,bid,58200,1004.551
2024-09-13 21:55:12,BTCUSDT,bid,58200,600.321
2024-09-13 21:55:43,BTCUSDT,bid,47000,869.2
2024-09-13 21:56:30,BTCUSDT,bid,58300,1007.853
2024-09-13 21:56:31,BTCUSDT,bid,58300,1004.465
2024-09-13 21:56:32,BTCUSDT,bid,58300,1002.255
2024-09-13 21:56:32,BTCUSDT,bid,58300,1002.072
2024-09-13 21:56:33,BTCUSDT,bid,58300,1003.072
2024-09-13 21:56:36,BTCUSDT,bid,58300,1003.064
2024-09-13 21:56:38,BTCUSDT,bid,58300,1003.039
2024-09-13 21:56:39,BTCUSDT,bid,58300,1003.047
2024-09-13 21:56:41,BTCUSDT,bid,58300,1003.019
2024-09-13 21:56:43,BTCUSDT,bid,58300,1013.019
2024-09-13 21:56:48,BTCUSDT,bid,58300,601.803
2024-09-13 21:56:49,BTCUSDT,bid,58300,601.231
2024-09-13 21:56:49,BTCUSDT,bid,58300,601.853
2024-09-13 21:56:50,BTCUSDT,bid,58300,1012.019
2024-09-13 21:56:50,BTCUSDT,bid,58300,1012.036
2024-09-13 21:56:50,BTCUSDT,bid,58300,1012.019
2024-09-13 21:56:53,BTCUSDT,bid,58300,601.256
2024-09-13 21:56:56,BTCUSDT,bid,58300,1010.822
2024-09-13 21:56:58,BTCUSDT,bid,58300,601.701
2024-09-13 21:56:59,BTCUSDT,bid,58300,602.099
2024-09-13 21:56:59,BTCUSDT,bid,58300,605.722
2024-09-13 21:57:00,BTCUSDT,bid,58300,1010.824
2024-09-13 21:57:00,BTCUSDT,bid,58300,605.662
2024-09-13 21:57:00,BTCUSDT,bid,58300,604.697
2024-09-13 21:57:00,BTCUSDT,bid,58300,604.49
2024-09-13 21:57:00,BTCUSDT,bid,58300,1010.804
2024-09-13 21:57:01,BTCUSDT,bid,58300,604.43
2024-09-13 21:57:01,BTCUSDT,bid,58300,604.402
2024-09-13 21:57:01,BTCUSDT,bid,58300,1010.802
2024-09-13 21:57:01,BTCUSDT,bid,58300,600.798
2024-09-13 21:57:03,BTCUSDT,bid,58300,1010.852
2024-09-13 22:04:31,BTCUSDT,bid,58300,1004.846
2024-09-13 22:04:36,BTCUSDT,bid,58300,1004.849
2024-09-13 22:04:41,BTCUSDT,bid,58300,608.143
2024-09-13 22:04:44,BTCUSDT,bid,58300,1004.77
2024-09-13 22:04:44,BTCUSDT,bid,58300,608.382
2024-09-13 22:04:46,BTCUSDT,bid,58300,608.407
2024-09-13 22:04:46,BTCUSDT,bid,58300,1004.787
2024-09-13 22:04:52,BTCUSDT,bid,58300,608.407
2024-09-13 22:04:53,BTCUSDT,bid,58300,1004.827
2024-09-13 22:04:54,BTCUSDT,bid,58300,1004.787
2024-09-13 22:04:54,BTCUSDT,bid,58300,608.417
2024-09-13 22:04:54,BTCUSDT,bid,58300,608.407
2024-09-13 22:04:58,BTCUSDT,bid,58300,608.504
2024-09-13 22:25:00,BTCUSDT,bid,58700,1024.028
2024-09-13 22:25:01,BTCUSDT,bid,58700,1024.026
2024-09-13 22:25:03,BTCUSDT,bid,58700,1024.029
2024-09-13 22:25:03,BTCUSDT,bid,58700,1023.603
2024-09-13 22:25:04,BTCUSDT,bid,58700,1023.603
2024-09-13 22:25:49,BTCUSDT,bid,47500,634.615
2024-09-13 07:05:04,BTCUSD_PERP,bid,57600,683.44
2024-09-13 07:05:05,BTCUSD_PERP,bid,57600,626.39
2024-09-13 07:05:05,BTCUSD_PERP,bid,57600,569.34
2024-09-13 07:05:05,BTCUSD_PERP,bid,57600,569.09
2024-09-13 07:05:05,BTCUSD_PERP,bid,57600,625.59
2024-09-13 07:05:06,BTCUSD_PERP,bid,57600,739.75
2024-09-13 07:05:30,BTCUSD_PERP,bid,57600,682.67
2024-09-13 07:05:30,BTCUSD_PERP,bid,57600,625.59
2024-09-13 07:05:31,BTCUSD_PERP,bid,57600,568.51
2024-09-13 07:17:28,BTCUSD_PERP,bid,57600,739.4
2024-09-13 07:19:12,BTCUSD_PERP,bid,57600,624.3
2024-09-13 07:19:12,BTCUSD_PERP,bid,57600,852.58
2024-09-13 07:19:12,BTCUSD_PERP,bid,57600,909.65
2024-09-13 07:19:21,BTCUSD_PERP,bid,57600,739.02
2024-09-13 07:19:21,BTCUSD_PERP,bid,57600,682.53
2024-09-13 07:19:52,BTCUSD_PERP,bid,57600,625.46
2024-09-13 07:19:53,BTCUSD_PERP,bid,57600,568.39
2024-09-13 07:19:53,BTCUSD_PERP,bid,57600,568.39
2024-09-13 07:19:53,BTCUSD_PERP,bid,57600,625.43
2024-09-13 07:20:35,BTCUSD_PERP,bid,57500,908.67
2024-09-13 07:20:35,BTCUSD_PERP,bid,57500,965.68
2024-09-13 07:21:19,BTCUSD_PERP,bid,57600,965.65
2024-09-13 07:21:19,BTCUSD_PERP,bid,57600,1022.69
2024-09-13 07:22:27,BTCUSD_PERP,bid,57600,623.99
2024-09-13 07:22:27,BTCUSD_PERP,bid,57500,738.22
2024-09-13 07:22:27,BTCUSD_PERP,bid,57500,794.65
2024-09-13 07:22:27,BTCUSD_PERP,bid,57500,851.66
2024-09-13 07:23:28,BTCUSD_PERP,bid,57500,737.86
2024-09-13 07:23:28,BTCUSD_PERP,bid,57500,794.84
2024-09-13 07:24:25,BTCUSD_PERP,bid,57500,680.88
2024-09-13 07:24:25,BTCUSD_PERP,bid,57500,566.92
2024-09-13 07:24:25,BTCUSD_PERP,bid,57500,630.1
2024-09-13 07:24:25,BTCUSD_PERP,bid,57500,687.11
2024-09-13 07:24:26,BTCUSD_PERP,bid,57500,800.55
2024-09-13 07:24:26,BTCUSD_PERP,bid,57500,913.4
2024-09-13 07:24:26,BTCUSD_PERP,bid,57500,969.83
2024-09-13 07:24:26,BTCUSD_PERP,bid,57500,1026.84
2024-09-13 07:25:15,BTCUSD_PERP,bid,57500,1026.98
2024-09-13 07:25:19,BTCUSD_PERP,bid,57500,1027.12
2024-09-13 07:28:44,BTCUSD_PERP,bid,57500,1026.98
2024-09-13 07:28:51,BTCUSD_PERP,bid,57500,1026.84
2024-09-13 07:32:31,BTCUSD_PERP,bid,57500,970.41
2024-09-13 07:32:31,BTCUSD_PERP,bid,57500,913.98
2024-09-13 07:32:31,BTCUSD_PERP,bid,57500,856.97
2024-09-13 07:32:31,BTCUSD_PERP,bid,57500,685.94
2024-09-13 07:32:31,BTCUSD_PERP,bid,57500,628.93
2024-09-13 07:32:32,BTCUSD_PERP,bid,57600,569.34
2024-09-13 07:32:32,BTCUSD_PERP,bid,57600,626.39
2024-09-13 07:32:32,BTCUSD_PERP,bid,57600,739.91
2024-09-13 07:32:33,BTCUSD_PERP,bid,57600,796.52
2024-09-13 07:32:33,BTCUSD_PERP,bid,57600,852.99
2024-09-13 07:32:33,BTCUSD_PERP,bid,57600,966.51
2024-09-13 07:35:24,BTCUSD_PERP,bid,57600,738.89
2024-09-13 07:35:24,BTCUSD_PERP,bid,57600,851.71
2024-09-13 07:35:24,BTCUSD_PERP,bid,57600,908.73
2024-09-13 07:35:45,BTCUSD_PERP,bid,57500,567.57
2024-09-13 07:35:46,BTCUSD_PERP,bid,57500,624.56
2024-09-13 07:38:17,BTCUSD_PERP,bid,57500,567.57
2024-09-13 07:38:19,BTCUSD_PERP,bid,57500,567.87
2024-09-13 07:40:31,BTCUSD_PERP,bid,57600,625.14
2024-09-13 07:41:03,BTCUSD_PERP,bid,57600,568.09
2024-09-13 07:41:05,BTCUSD_PERP,bid,57600,569.16
2024-09-13 07:41:08,BTCUSD_PERP,bid,57600,570.36
2024-09-13 07:43:10,BTCUSD_PERP,bid,57600,569.16
2024-09-13 07:51:10,BTCUSD_PERP,bid,57600,569.16
2024-09-13 07:51:22,BTCUSD_PERP,bid,57600,568.2
2024-09-13 07:51:22,BTCUSD_PERP,bid,57500,611.01
2024-09-13 07:55:12,BTCUSD_PERP,bid,57500,624.97
2024-09-13 07:55:12,BTCUSD_PERP,bid,57500,795.36
2024-09-13 07:55:12,BTCUSD_PERP,bid,57500,852.35
2024-09-13 07:55:12,BTCUSD_PERP,bid,57500,908.76
2024-09-13 07:55:19,BTCUSD_PERP,bid,57500,908.9
2024-09-13 07:55:24,BTCUSD_PERP,bid,57500,910.97
2024-09-13 07:55:26,BTCUSD_PERP,bid,57500,924.76
2024-09-13 07:56:10,BTCUSD_PERP,bid,57500,868.35
2024-09-13 08:04:23,BTCUSD_PERP,bid,57400,565.7
2024-09-13 08:05:16,BTCUSD_PERP,bid,57400,793.3
2024-09-13 08:05:17,BTCUSD_PERP,bid,57400,849.55
2024-09-13 08:05:41,BTCUSD_PERP,bid,57400,849.6
2024-09-13 08:07:14,BTCUSD_PERP,bid,57400,735.94
2024-09-13 08:07:15,BTCUSD_PERP,bid,57400,622.86
2024-09-13 08:07:15,BTCUSD_PERP,bid,57400,566.03
2024-09-13 08:15:44,BTCUSD_PERP,bid,57400,624.31
2024-09-13 08:15:44,BTCUSD_PERP,bid,57400,680.6
2024-09-13 08:15:44,BTCUSD_PERP,bid,57400,737.47
2024-09-13 08:17:48,BTCUSD_PERP,bid,57400,624.31
2024-09-13 08:17:48,BTCUSD_PERP,bid,57400,567.44
2024-09-13 08:17:49,BTCUSD_PERP,bid,57400,680.24
2024-09-13 08:17:49,BTCUSD_PERP,bid,57400,737.08
2024-09-13 08:18:36,BTCUSD_PERP,bid,57400,680.24
2024-09-13 08:18:36,BTCUSD_PERP,bid,57400,623.4
2024-09-13 08:18:36,BTCUSD_PERP,bid,57400,567.14
2024-09-13 08:21:54,BTCUSD_PERP,bid,57400,567.75
2024-09-13 08:21:54,BTCUSD_PERP,bid,57400,624.65
2024-09-13 08:21:54,BTCUSD_PERP,bid,57400,680.98
2024-09-13 08:21:54,BTCUSD_PERP,bid,57400,737.88
2024-09-13 08:22:09,BTCUSD_PERP,bid,57400,738.02
2024-09-13 08:25:43,BTCUSD_PERP,bid,57400,737.88
2024-09-13 08:33:22,BTCUSD_PERP,bid,57400,680.61
2024-09-13 08:33:23,BTCUSD_PERP,bid,57400,737.48
2024-09-13 08:35:16,BTCUSD_PERP,bid,57400,680.61
2024-09-13 08:35:16,BTCUSD_PERP,bid,57400,623.74
2024-09-13 08:35:17,BTCUSD_PERP,bid,57400,566.68
2024-09-13 08:35:17,BTCUSD_PERP,bid,57400,623.59
2024-09-13 08:35:18,BTCUSD_PERP,bid,57400,680.5
2024-09-13 08:36:22,BTCUSD_PERP,bid,57400,566.89
2024-09-13 08:36:23,BTCUSD_PERP,bid,57400,623.76
2024-09-13 08:38:28,BTCUSD_PERP,bid,57400,623.52
2024-09-13 08:38:29,BTCUSD_PERP,bid,57400,680.42
2024-09-13 08:48:44,BTCUSD_PERP,bid,57400,566.62
2024-09-13 08:55:28,BTCUSD_PERP,bid,57600,569.15
2024-09-13 08:55:57,BTCUSD_PERP,bid,57600,569.32
2024-09-13 08:56:19,BTCUSD_PERP,bid,57600,569.54
2024-09-13 08:56:19,BTCUSD_PERP,bid,57600,682.51
2024-09-13 08:56:26,BTCUSD_PERP,bid,57600,625.44
2024-09-13 08:57:51,BTCUSD_PERP,bid,57600,681.47
2024-09-13 08:57:51,BTCUSD_PERP,bid,57600,794.94
2024-09-13 08:57:51,BTCUSD_PERP,bid,57500,554.88
2024-09-13 08:57:51,BTCUSD_PERP,bid,57600,852.02
2024-09-13 08:58:20,BTCUSD_PERP,bid,57600,794.52
2024-09-13 08:58:20,BTCUSD_PERP,bid,57600,851.57
2024-09-13 09:00:23,BTCUSD_PERP,bid,57600,738.05
2024-09-13 09:04:29,BTCUSD_PERP,bid,57600,738.18
2024-09-13 09:04:29,BTCUSD_PERP,bid,57600,795.23
2024-09-13 09:04:48,BTCUSD_PERP,bid,57600,738.76
2024-09-13 09:04:48,BTCUSD_PERP,bid,57600,625.24
2024-09-13 09:04:48,BTCUSD_PERP,bid,57600,568.77
2024-09-13 09:04:49,BTCUSD_PERP,bid,57500,568.94
2024-09-13 09:09:45,BTCUSD_PERP,bid,57500,567.97
2024-09-13 09:09:46,BTCUSD_PERP,bid,57500,681.35
2024-09-13 09:09:46,BTCUSD_PERP,bid,57500,553.95
2024-09-13 09:11:01,BTCUSD_PERP,bid,57400,553.63
2024-09-13 09:11:48,BTCUSD_PERP,bid,57400,736.91
2024-09-13 09:11:48,BTCUSD_PERP,bid,57400,793.83
2024-09-13 09:16:53,BTCUSD_PERP,bid,57500,567.48
2024-09-13 09:16:54,BTCUSD_PERP,bid,57500,623.88
2024-09-13 09:17:21,BTCUSD_PERP,bid,57500,567.18
2024-09-13 09:20:43,BTCUSD_PERP,bid,57500,567.48
2024-09-13 09:22:16,BTCUSD_PERP,bid,57500,567.18
2024-09-13 09:24:34,BTCUSD_PERP,bid,57500,567.2
2024-09-13 09:35:10,BTCUSD_PERP,bid,57500,567.68
2024-09-13 10:33:06,BTCUSD_PERP,bid,57400,567.18
2024-09-13 10:33:07,BTCUSD_PERP,bid,57400,624.08
2024-09-13 10:33:07,BTCUSD_PERP,bid,57400,680.98
2024-09-13 10:33:07,BTCUSD_PERP,bid,57400,737.31
2024-09-13 11:05:41,BTCUSD_PERP,bid,57400,565.97
2024-09-13 11:10:52,BTCUSD_PERP,bid,57400,565.21
2024-09-13 11:10:53,BTCUSD_PERP,bid,57400,621.5
2024-09-13 11:10:53,BTCUSD_PERP,bid,57400,735.24
2024-09-13 11:10:53,BTCUSD_PERP,bid,57400,792.01
2024-09-13 11:10:53,BTCUSD_PERP,bid,57400,848.88
2024-09-13 11:27:32,BTCUSD_PERP,bid,57400,792.59
2024-09-13 11:27:32,BTCUSD_PERP,bid,57400,736.3
2024-09-13 11:27:32,BTCUSD_PERP,bid,57400,567.43
2024-09-13 11:58:38,BTCUSD_PERP,bid,57300,567.61
2024-09-13 11:58:38,BTCUSD_PERP,bid,57300,624.38
2024-09-13 12:05:41,BTCUSD_PERP,bid,57300,568.0
2024-09-13 12:05:41,BTCUSD_PERP,bid,57300,624.81
2024-09-13 12:07:05,BTCUSD_PERP,bid,57300,568.0
2024-09-13 12:07:07,BTCUSD_PERP,bid,57400,568.3
2024-09-13 12:07:07,BTCUSD_PERP,bid,57400,625.14
2024-09-13 12:07:07,BTCUSD_PERP,bid,57300,552.55
2024-09-13 12:50:59,BTCUSD_PERP,bid,57400,624.9
2024-09-13 12:50:59,BTCUSD_PERP,bid,57400,681.19
2024-09-13 13:02:36,BTCUSD_PERP,bid,56800,1269.46
2024-09-13 13:04:03,BTCUSD_PERP,bid,57400,624.32
2024-09-13 13:06:57,BTCUSD_PERP,bid,56800,1269.56
2024-09-13 13:19:30,BTCUSD_PERP,bid,57400,564.31
2024-09-13 13:26:58,BTCUSD_PERP,bid,57300,564.04
2024-09-13 13:29:47,BTCUSD_PERP,bid,57300,564.61
2024-09-13 13:30:47,BTCUSD_PERP,bid,57300,565.18
2024-09-13 13:32:47,BTCUSD_PERP,bid,57300,564.61
2024-09-13 13:33:25,BTCUSD_PERP,bid,57300,563.74
2024-09-13 13:33:25,BTCUSD_PERP,bid,57300,620.52
2024-09-13 13:36:56,BTCUSD_PERP,bid,57200,621.33
2024-09-13 13:36:56,BTCUSD_PERP,bid,57200,678.03
2024-09-13 14:01:04,BTCUSD_PERP,bid,57300,625.86
2024-09-13 14:01:04,BTCUSD_PERP,bid,57300,682.58
2024-09-13 14:01:04,BTCUSD_PERP,bid,57300,738.72
2024-09-13 14:03:16,BTCUSD_PERP,bid,57300,569.14
2024-09-13 14:03:17,BTCUSD_PERP,bid,57300,622.45
2024-09-13 14:03:25,BTCUSD_PERP,bid,57300,566.27
2024-09-13 14:03:27,BTCUSD_PERP,bid,57300,523.05
2024-09-13 14:03:27,BTCUSD_PERP,bid,57300,579.83
2024-09-13 14:03:27,BTCUSD_PERP,bid,57300,636.52
2024-09-13 14:03:27,BTCUSD_PERP,bid,57300,693.3
2024-09-13 14:05:14,BTCUSD_PERP,bid,57300,637.09
2024-09-13 14:05:14,BTCUSD_PERP,bid,57300,580.4
2024-09-13 14:05:14,BTCUSD_PERP,bid,57300,523.62
2024-09-13 14:05:15,BTCUSD_PERP,bid,57300,623.1
2024-09-13 14:05:15,BTCUSD_PERP,bid,57300,679.28
2024-09-13 14:05:26,BTCUSD_PERP,bid,57300,681.34
2024-09-13 14:05:29,BTCUSD_PERP,bid,57300,695.07
2024-09-13 14:06:19,BTCUSD_PERP,bid,57300,638.31
2024-09-13 14:06:19,BTCUSD_PERP,bid,57300,582.13
2024-09-13 14:06:20,BTCUSD_PERP,bid,57300,525.95
2024-09-13 14:08:54,BTCUSD_PERP,bid,47000,2437.19
2024-09-13 14:09:16,BTCUSD_PERP,bid,57300,572.45
2024-09-13 14:09:16,BTCUSD_PERP,bid,57300,685.45
2024-09-13 14:09:16,BTCUSD_PERP,bid,57300,798.94
2024-09-13 14:09:16,BTCUSD_PERP,bid,57300,855.73
2024-09-13 14:09:17,BTCUSD_PERP,bid,57300,968.73
2024-09-13 14:09:46,BTCUSD_PERP,bid,57300,742.15
2024-09-13 14:09:46,BTCUSD_PERP,bid,57300,565.88
2024-09-13 14:09:46,BTCUSD_PERP,bid,57300,622.7
2024-09-13 14:09:47,BTCUSD_PERP,bid,57300,679.42
2024-09-13 14:09:47,BTCUSD_PERP,bid,57300,793.06
2024-09-13 14:09:47,BTCUSD_PERP,bid,57300,849.3
2024-09-13 14:09:47,BTCUSD_PERP,bid,57300,906.12
2024-09-13 14:09:47,BTCUSD_PERP,bid,57300,962.94
2024-09-13 14:13:17,BTCUSD_PERP,bid,57300,906.7
2024-09-13 14:13:18,BTCUSD_PERP,bid,57300,793.64
2024-09-13 14:13:18,BTCUSD_PERP,bid,57300,680.58
2024-09-13 14:13:18,BTCUSD_PERP,bid,57300,962.44
2024-09-13 14:15:51,BTCUSD_PERP,bid,57300,849.44
2024-09-13 14:15:51,BTCUSD_PERP,bid,57300,736.44
2024-09-13 14:15:52,BTCUSD_PERP,bid,57300,680.23
2024-09-13 14:15:52,BTCUSD_PERP,bid,57300,566.46
2024-09-13 14:15:53,BTCUSD_PERP,bid,57300,793.16
2024-09-13 14:15:53,BTCUSD_PERP,bid,57300,849.98
2024-09-13 14:15:53,BTCUSD_PERP,bid,57300,906.7
2024-09-13 14:15:53,BTCUSD_PERP,bid,57300,962.94
2024-09-13 14:18:35,BTCUSD_PERP,bid,57300,792.48
2024-09-13 14:18:36,BTCUSD_PERP,bid,57300,736.24
2024-09-13 14:18:36,BTCUSD_PERP,bid,57300,679.42
2024-09-13 14:18:36,BTCUSD_PERP,bid,57300,622.6
2024-09-13 14:18:37,BTCUSD_PERP,bid,57400,566.18
2024-09-13 14:18:37,BTCUSD_PERP,bid,57400,622.94
2024-09-13 14:18:37,BTCUSD_PERP,bid,57400,679.79
2024-09-13 14:25:24,BTCUSD_PERP,bid,57400,767.88
2024-09-13 14:25:31,BTCUSD_PERP,bid,57400,768.01
2024-09-13 14:25:32,BTCUSD_PERP,bid,57400,768.15
2024-09-13 14:25:40,BTCUSD_PERP,bid,57400,768.28
2024-09-13 14:26:45,BTCUSD_PERP,bid,57400,711.46
2024-09-13 14:26:50,BTCUSD_PERP,bid,57400,654.73
2024-09-13 14:28:04,BTCUSD_PERP,bid,57400,598.49
2024-09-13 14:28:04,BTCUSD_PERP,bid,57400,541.67
2024-09-13 14:28:05,BTCUSD_PERP,bid,57400,566.76
2024-09-13 14:28:05,BTCUSD_PERP,bid,57400,623.03
2024-09-13 14:28:45,BTCUSD_PERP,bid,57400,566.76
2024-09-13 14:28:47,BTCUSD_PERP,bid,57400,567.2
2024-09-13 14:32:07,BTCUSD_PERP,bid,57400,567.06
2024-09-13 14:35:52,BTCUSD_PERP,bid,57400,623.03
2024-09-13 14:42:08,BTCUSD_PERP,bid,57400,566.18
2024-09-13 14:42:10,BTCUSD_PERP,bid,57400,623.26
2024-09-13 14:42:10,BTCUSD_PERP,bid,57400,850.2
2024-09-13 14:42:10,BTCUSD_PERP,bid,57400,907.08
2024-09-13 14:42:10,BTCUSD_PERP,bid,57400,963.96
2024-09-13 14:42:53,BTCUSD_PERP,bid,57400,850.2
2024-09-13 14:42:53,BTCUSD_PERP,bid,57400,793.32
2024-09-13 14:42:53,BTCUSD_PERP,bid,57400,736.44
2024-09-13 14:42:54,BTCUSD_PERP,bid,57400,623.26
2024-09-13 14:42:54,BTCUSD_PERP,bid,57400,566.38
2024-09-13 14:42:55,BTCUSD_PERP,bid,57400,566.14
2024-09-13 14:42:55,BTCUSD_PERP,bid,57400,623.06
2024-09-13 14:42:59,BTCUSD_PERP,bid,57400,623.2
2024-09-13 14:43:00,BTCUSD_PERP,bid,57400,636.97
2024-09-13 14:43:01,BTCUSD_PERP,bid,57400,639.03
2024-09-13 14:45:02,BTCUSD_PERP,bid,57400,636.97
2024-09-13 14:45:02,BTCUSD_PERP,bid,57400,623.2
2024-09-13 14:45:35,BTCUSD_PERP,bid,57400,566.39
2024-09-13 14:45:35,BTCUSD_PERP,bid,57400,623.53
2024-09-13 14:48:34,BTCUSD_PERP,bid,57400,567.22
2024-09-13 14:48:35,BTCUSD_PERP,bid,57400,624.25
2024-09-13 14:48:35,BTCUSD_PERP,bid,57400,680.58
2024-09-13 14:48:35,BTCUSD_PERP,bid,57400,793.83
2024-09-13 14:48:35,BTCUSD_PERP,bid,57400,907.67
2024-09-13 14:48:36,BTCUSD_PERP,bid,57400,964.0
2024-09-13 14:48:36,BTCUSD_PERP,bid,57400,1020.92
2024-09-13 14:48:36,BTCUSD_PERP,bid,57400,1077.84
2024-09-13 14:54:15,BTCUSD_PERP,bid,57400,1021.51
2024-09-13 14:54:15,BTCUSD_PERP,bid,57400,964.59
2024-09-13 14:54:15,BTCUSD_PERP,bid,57400,907.77
2024-09-13 14:54:15,BTCUSD_PERP,bid,57400,738.19
2024-09-13 14:54:16,BTCUSD_PERP,bid,57400,567.43
2024-09-13 14:54:16,BTCUSD_PERP,bid,57500,568.24
2024-09-13 14:54:16,BTCUSD_PERP,bid,57500,625.19
2024-09-13 14:54:16,BTCUSD_PERP,bid,57500,738.51
2024-09-13 14:54:16,BTCUSD_PERP,bid,57500,795.46
2024-09-13 14:54:16,BTCUSD_PERP,bid,57500,851.83
2024-09-13 14:54:16,BTCUSD_PERP,bid,57500,908.78
2024-09-13 14:54:17,BTCUSD_PERP,bid,57500,1022.1
2024-09-13 14:54:26,BTCUSD_PERP,bid,57500,965.15
2024-09-13 14:54:26,BTCUSD_PERP,bid,57500,851.25
2024-09-13 14:54:27,BTCUSD_PERP,bid,57500,794.88
2024-09-13 14:54:27,BTCUSD_PERP,bid,57500,737.93
2024-09-13 14:54:27,BTCUSD_PERP,bid,57500,680.98
2024-09-13 14:54:27,BTCUSD_PERP,bid,57500,567.66
2024-09-13 14:54:28,BTCUSD_PERP,bid,57500,569.55
2024-09-13 14:54:28,BTCUSD_PERP,bid,57500,682.93
2024-09-13 14:54:28,BTCUSD_PERP,bid,57500,739.33
2024-09-13 14:54:28,BTCUSD_PERP,bid,57500,797.41
2024-09-13 14:54:28,BTCUSD_PERP,bid,57500,911.37
2024-09-13 14:55:32,BTCUSD_PERP,bid,57500,854.39
2024-09-13 14:55:32,BTCUSD_PERP,bid,57500,797.99
2024-09-13 14:55:33,BTCUSD_PERP,bid,57500,684.03
2024-09-13 14:55:33,BTCUSD_PERP,bid,57500,570.17
2024-09-13 14:55:33,BTCUSD_PERP,bid,57500,568.26
2024-09-13 14:55:33,BTCUSD_PERP,bid,57500,682.28
2024-09-13 14:55:33,BTCUSD_PERP,bid,57500,738.71
2024-09-13 14:55:34,BTCUSD_PERP,bid,57500,795.72
2024-09-13 14:55:34,BTCUSD_PERP,bid,57500,852.73
2024-09-13 14:55:34,BTCUSD_PERP,bid,57500,965.59
2024-09-13 14:56:51,BTCUSD_PERP,bid,57500,852.15
2024-09-13 14:56:51,BTCUSD_PERP,bid,57500,795.72
2024-09-13 14:56:51,BTCUSD_PERP,bid,57500,682.28
2024-09-13 14:56:51,BTCUSD_PERP,bid,57500,568.36
2024-09-13 14:57:28,BTCUSD_PERP,bid,57500,908.58
2024-09-13 14:57:28,BTCUSD_PERP,bid,57500,965.59
2024-09-13 14:58:02,BTCUSD_PERP,bid,57500,852.15
2024-09-13 14:58:02,BTCUSD_PERP,bid,57500,681.7
2024-09-13 14:58:02,BTCUSD_PERP,bid,57500,625.27
2024-09-13 14:58:02,BTCUSD_PERP,bid,57600,567.4
2024-09-13 14:58:03,BTCUSD_PERP,bid,57600,624.44
2024-09-13 14:58:03,BTCUSD_PERP,bid,57600,681.48
2024-09-13 14:58:03,BTCUSD_PERP,bid,57600,738.52
2024-09-13 14:58:03,BTCUSD_PERP,bid,57600,909.64
2024-09-13 14:58:04,BTCUSD_PERP,bid,57600,966.68
2024-09-13 14:58:04,BTCUSD_PERP,bid,57600,1080.18
2024-09-13 15:01:11,BTCUSD_PERP,bid,57600,1023.72
2024-09-13 15:01:11,BTCUSD_PERP,bid,57600,966.68
2024-09-13 15:01:11,BTCUSD_PERP,bid,57600,909.64
2024-09-13 15:01:11,BTCUSD_PERP,bid,57600,738.52
2024-09-13 15:01:11,BTCUSD_PERP,bid,57600,681.48
2024-09-13 15:01:12,BTCUSD_PERP,bid,57600,624.44
2024-09-13 15:01:12,BTCUSD_PERP,bid,57600,569.44
2024-09-13 15:01:12,BTCUSD_PERP,bid,57600,626.51
2024-09-13 15:01:33,BTCUSD_PERP,bid,57600,568.66
2024-09-13 15:02:31,BTCUSD_PERP,bid,57500,795.24
2024-09-13 15:02:31,BTCUSD_PERP,bid,57500,851.67
2024-09-13 15:02:31,BTCUSD_PERP,bid,57500,908.68
2024-09-13 15:03:44,BTCUSD_PERP,bid,57500,851.67
2024-09-13 15:03:45,BTCUSD_PERP,bid,57500,795.24
2024-09-13 15:03:45,BTCUSD_PERP,bid,57500,681.8
2024-09-13 15:03:45,BTCUSD_PERP,bid,57500,567.78
2024-09-13 15:03:45,BTCUSD_PERP,bid,57500,553.94
2024-09-13 15:03:45,BTCUSD_PERP,bid,57500,908.69
2024-09-13 15:03:45,BTCUSD_PERP,bid,57500,965.09
2024-09-13 15:03:45,BTCUSD_PERP,bid,57500,1022.07
2024-09-13 15:06:58,BTCUSD_PERP,bid,57500,965.09
2024-09-13 15:06:58,BTCUSD_PERP,bid,57500,680.87
2024-09-13 15:06:58,BTCUSD_PERP,bid,57500,623.89
2024-09-13 15:06:59,BTCUSD_PERP,bid,57500,567.49
2024-09-13 15:31:48,BTCUSD_PERP,bid,57500,623.72
2024-09-13 15:31:48,BTCUSD_PERP,bid,57500,680.69
2024-09-13 15:33:34,BTCUSD_PERP,bid,57500,567.08
2024-09-13 15:46:34,BTCUSD_PERP,bid,57500,567.38
2024-09-13 15:46:34,BTCUSD_PERP,bid,57500,624.35
2024-09-13 15:46:51,BTCUSD_PERP,bid,57500,624.49
2024-09-13 15:50:15,BTCUSD_PERP,bid,57500,572.98
2024-09-13 15:50:15,BTCUSD_PERP,bid,57500,629.38
2024-09-13 15:50:15,BTCUSD_PERP,bid,57500,686.36
2024-09-13 15:50:16,BTCUSD_PERP,bid,57500,686.5
2024-09-13 15:50:45,BTCUSD_PERP,bid,57500,721.34
2024-09-13 15:50:47,BTCUSD_PERP,bid,57500,686.5
2024-09-13 15:50:50,BTCUSD_PERP,bid,57500,721.34
2024-09-13 15:51:24,BTCUSD_PERP,bid,57500,607.96
2024-09-13 15:51:24,BTCUSD_PERP,bid,57500,681.67
2024-09-13 15:56:21,BTCUSD_PERP,bid,57400,679.42
2024-09-13 15:56:22,BTCUSD_PERP,bid,57400,736.28
2024-09-13 15:57:00,BTCUSD_PERP,bid,57400,553.87
2024-09-13 15:57:00,BTCUSD_PERP,bid,57400,610.18
2024-09-13 15:57:00,BTCUSD_PERP,bid,57400,723.38
2024-09-13 16:02:26,BTCUSD_PERP,bid,57400,849.43
2024-09-13 16:02:27,BTCUSD_PERP,bid,57400,906.29
2024-09-13 16:06:42,BTCUSD_PERP,bid,57400,849.43
2024-09-13 16:06:42,BTCUSD_PERP,bid,57400,792.57
2024-09-13 16:06:42,BTCUSD_PERP,bid,57400,735.71
2024-09-13 16:06:42,BTCUSD_PERP,bid,57400,678.85
2024-09-13 16:06:43,BTCUSD_PERP,bid,57400,622.57
2024-09-13 16:15:49,BTCUSD_PERP,bid,57500,526.55
2024-09-13 16:21:34,BTCUSD_PERP,bid,57500,681.21
2024-09-13 16:21:34,BTCUSD_PERP,bid,57500,738.17
2024-09-13 16:21:45,BTCUSD_PERP,bid,57500,795.13
2024-09-13 16:22:42,BTCUSD_PERP,bid,57500,624.25
2024-09-13 16:22:42,BTCUSD_PERP,bid,57500,567.29
2024-09-13 16:22:43,BTCUSD_PERP,bid,57500,569.72
2024-09-13 16:22:43,BTCUSD_PERP,bid,57500,740.01
2024-09-13 16:22:44,BTCUSD_PERP,bid,57500,797.0
2024-09-13 16:22:44,BTCUSD_PERP,bid,57500,853.41
2024-09-13 16:22:44,BTCUSD_PERP,bid,57500,966.23
2024-09-13 16:23:33,BTCUSD_PERP,bid,57600,568.94
2024-09-13 16:23:33,BTCUSD_PERP,bid,57600,682.4
2024-09-13 16:23:33,BTCUSD_PERP,bid,57600,738.84
2024-09-13 16:23:34,BTCUSD_PERP,bid,57600,795.28
2024-09-13 16:23:34,BTCUSD_PERP,bid,57600,909.32
2024-09-13 16:23:34,BTCUSD_PERP,bid,57600,966.34
2024-09-13 16:23:51,BTCUSD_PERP,bid,57600,909.32
2024-09-13 16:23:51,BTCUSD_PERP,bid,57600,852.3
2024-09-13 16:23:52,BTCUSD_PERP,bid,57600,738.26
2024-09-13 16:23:52,BTCUSD_PERP,bid,57600,681.34
2024-09-13 16:23:52,BTCUSD_PERP,bid,57600,567.88
2024-09-13 16:23:52,BTCUSD_PERP,bid,57600,569.27
2024-09-13 16:23:52,BTCUSD_PERP,bid,57600,852.78
2024-09-13 16:23:53,BTCUSD_PERP,bid,57600,866.59
2024-09-13 16:25:54,BTCUSD_PERP,bid,57600,852.78
2024-09-13 16:31:24,BTCUSD_PERP,bid,57600,795.91
2024-09-13 16:40:28,BTCUSD_PERP,bid,57600,739.48
2024-09-13 16:40:28,BTCUSD_PERP,bid,57600,682.56
2024-09-13 16:40:28,BTCUSD_PERP,bid,57600,569.1
2024-09-13 16:40:29,BTCUSD_PERP,bid,57600,569.31
2024-09-13 16:40:29,BTCUSD_PERP,bid,57600,682.84
2024-09-13 16:40:29,BTCUSD_PERP,bid,57600,739.31
2024-09-13 16:40:30,BTCUSD_PERP,bid,57600,795.78
2024-09-13 16:40:30,BTCUSD_PERP,bid,57600,909.31
2024-09-13 16:41:22,BTCUSD_PERP,bid,57600,852.25
2024-09-13 16:41:24,BTCUSD_PERP,bid,57600,795.19
2024-09-13 16:41:25,BTCUSD_PERP,bid,57600,738.13
2024-09-13 16:41:25,BTCUSD_PERP,bid,57600,681.07
2024-09-13 16:41:31,BTCUSD_PERP,bid,57600,624.01
2024-09-13 16:41:31,BTCUSD_PERP,bid,57600,566.95
2024-09-13 17:05:49,BTCUSD_PERP,bid,57500,680.06
2024-09-13 17:07:12,BTCUSD_PERP,bid,57500,623.67
2024-09-13 17:07:13,BTCUSD_PERP,bid,57500,566.7
2024-09-13 17:12:20,BTCUSD_PERP,bid,57600,566.25
2024-09-13 17:14:27,BTCUSD_PERP,bid,57600,624.23
2024-09-13 17:14:27,BTCUSD_PERP,bid,57600,680.71
2024-09-13 17:14:52,BTCUSD_PERP,bid,57600,680.85
2024-09-13 17:15:51,BTCUSD_PERP,bid,57600,567.89
2024-09-13 17:15:51,BTCUSD_PERP,bid,57600,737.24
2024-09-13 17:24:16,BTCUSD_PERP,bid,57600,680.78
2024-09-13 17:24:17,BTCUSD_PERP,bid,57600,567.3
2024-09-13 17:24:18,BTCUSD_PERP,bid,57600,567.65
2024-09-13 17:24:18,BTCUSD_PERP,bid,57600,737.68
2024-09-13 17:24:35,BTCUSD_PERP,bid,57600,681.2
2024-09-13 17:24:37,BTCUSD_PERP,bid,57600,625.1
2024-09-13 17:24:37,BTCUSD_PERP,bid,57600,681.62
2024-09-13 17:24:37,BTCUSD_PERP,bid,57600,738.72
2024-09-13 17:32:25,BTCUSD_PERP,bid,57600,737.75
2024-09-13 17:34:39,BTCUSD_PERP,bid,57600,623.61
2024-09-13 17:34:40,BTCUSD_PERP,bid,57600,567.42
2024-09-13 17:34:41,BTCUSD_PERP,bid,57600,623.94
2024-09-13 17:34:41,BTCUSD_PERP,bid,57600,681.04
2024-09-13 17:34:41,BTCUSD_PERP,bid,57600,738.14
2024-09-13 17:37:27,BTCUSD_PERP,bid,57600,624.52
2024-09-13 18:38:52,BTCUSD_PERP,bid,57600,624.88
2024-09-13 18:45:13,BTCUSD_PERP,bid,57500,567.68
2024-09-13 18:56:28,BTCUSD_PERP,bid,57400,581.1
2024-09-13 18:56:28,BTCUSD_PERP,bid,57400,637.38
2024-09-13 18:56:28,BTCUSD_PERP,bid,57400,694.24
2024-09-13 18:56:40,BTCUSD_PERP,bid,57300,849.87
2024-09-13 18:56:53,BTCUSD_PERP,bid,57300,793.05
2024-09-13 18:56:53,BTCUSD_PERP,bid,57300,736.23
2024-09-13 18:56:53,BTCUSD_PERP,bid,57300,679.99
2024-09-13 18:56:53,BTCUSD_PERP,bid,57300,623.17
2024-09-13 18:56:53,BTCUSD_PERP,bid,57300,566.93
2024-09-13 18:56:54,BTCUSD_PERP,bid,57400,568.05
2024-09-13 18:57:10,BTCUSD_PERP,bid,57400,567.24
2024-09-13 18:58:38,BTCUSD_PERP,bid,57300,624.35
2024-09-13 18:58:40,BTCUSD_PERP,bid,57300,622.74
2024-09-13 18:58:40,BTCUSD_PERP,bid,57300,679.52
2024-09-13 18:59:36,BTCUSD_PERP,bid,57300,735.37
2024-09-13 18:59:54,BTCUSD_PERP,bid,57300,678.62
2024-09-13 18:59:54,BTCUSD_PERP,bid,57300,565.12
2024-09-13 19:05:33,BTCUSD_PERP,bid,57300,565.75
2024-09-13 19:05:55,BTCUSD_PERP,bid,57300,565.43
2024-09-13 19:05:59,BTCUSD_PERP,bid,57300,665.33
2024-09-13 19:06:11,BTCUSD_PERP,bid,57300,608.55
2024-09-13 19:06:13,BTCUSD_PERP,bid,57300,566.37
2024-09-13 19:06:13,BTCUSD_PERP,bid,57300,622.61
2024-09-13 19:06:16,BTCUSD_PERP,bid,57300,1147.14
2024-09-13 19:06:41,BTCUSD_PERP,bid,57300,678.47
2024-09-13 19:09:21,BTCUSD_PERP,bid,57300,734.88
2024-09-13 19:11:14,BTCUSD_PERP,bid,57300,678.12
2024-09-13 19:11:14,BTCUSD_PERP,bid,57300,621.36
2024-09-13 19:11:14,BTCUSD_PERP,bid,57300,564.6
2024-09-13 19:11:15,BTCUSD_PERP,bid,57300,527.02
2024-09-13 19:11:15,BTCUSD_PERP,bid,57300,583.81
2024-09-13 19:11:15,BTCUSD_PERP,bid,57300,808.65
2024-09-13 19:11:22,BTCUSD_PERP,bid,57300,751.86
2024-09-13 19:11:22,BTCUSD_PERP,bid,57300,695.07
2024-09-13 19:11:22,BTCUSD_PERP,bid,57300,638.28
2024-09-13 19:11:29,BTCUSD_PERP,bid,57300,581.49
2024-09-13 19:11:29,BTCUSD_PERP,bid,57300,524.81
2024-09-13 19:12:05,BTCUSD_PERP,bid,57400,565.03
2024-09-13 19:12:05,BTCUSD_PERP,bid,57400,621.88
2024-09-13 19:14:21,BTCUSD_PERP,bid,57400,565.61
2024-09-13 19:14:23,BTCUSD_PERP,bid,57400,564.79
2024-09-13 19:14:23,BTCUSD_PERP,bid,57400,621.61
2024-09-13 19:16:32,BTCUSD_PERP,bid,57400,564.79
2024-09-13 19:21:05,BTCUSD_PERP,bid,57200,564.05
2024-09-13 19:21:05,BTCUSD_PERP,bid,57200,620.75
2024-09-13 19:22:28,BTCUSD_PERP,bid,57200,564.42
2024-09-13 19:22:29,BTCUSD_PERP,bid,57200,621.1
2024-09-13 19:22:29,BTCUSD_PERP,bid,57200,734.46
2024-09-13 19:22:29,BTCUSD_PERP,bid,57200,790.57
2024-09-13 19:24:24,BTCUSD_PERP,bid,57200,531.29
2024-09-13 19:24:24,BTCUSD_PERP,bid,57200,587.34
2024-09-13 19:24:24,BTCUSD_PERP,bid,57200,643.96
2024-09-13 19:24:25,BTCUSD_PERP,bid,57200,757.2
2024-09-13 19:24:25,BTCUSD_PERP,bid,57200,813.82
2024-09-13 19:24:33,BTCUSD_PERP,bid,57200,700.58
2024-09-13 19:24:33,BTCUSD_PERP,bid,57200,587.91
2024-09-13 19:25:06,BTCUSD_PERP,bid,57100,958.94
2024-09-13 19:25:06,BTCUSD_PERP,bid,57100,1015.52
2024-09-13 19:26:02,BTCUSD_PERP,bid,57100,958.94
2024-09-13 19:26:02,BTCUSD_PERP,bid,57100,902.36
2024-09-13 19:26:03,BTCUSD_PERP,bid,57100,790.34
2024-09-13 19:26:03,BTCUSD_PERP,bid,57100,734.33
2024-09-13 19:26:03,BTCUSD_PERP,bid,57100,678.32
2024-09-13 19:26:03,BTCUSD_PERP,bid,57100,621.74
2024-09-13 19:26:04,BTCUSD_PERP,bid,57200,566.1
2024-09-13 19:26:26,BTCUSD_PERP,bid,57100,565.8
2024-09-13 19:26:28,BTCUSD_PERP,bid,57300,1209.17
2024-09-13 19:27:04,BTCUSD_PERP,bid,57300,1147.14
2024-09-13 19:29:06,BTCUSD_PERP,bid,57100,675.97
2024-09-13 19:29:32,BTCUSD_PERP,bid,57100,563.31
2024-09-13 19:29:33,BTCUSD_PERP,bid,57200,619.68
2024-09-13 19:29:33,BTCUSD_PERP,bid,57200,676.33
2024-09-13 19:30:02,BTCUSD_PERP,bid,57100,563.35
2024-09-13 19:30:02,BTCUSD_PERP,bid,57100,619.4
2024-09-13 19:30:28,BTCUSD_PERP,bid,57100,562.96
2024-09-13 19:30:53,BTCUSD_PERP,bid,57200,621.58
2024-09-13 19:30:54,BTCUSD_PERP,bid,57200,677.63
2024-09-13 19:30:54,BTCUSD_PERP,bid,57200,734.25
2024-09-13 19:30:54,BTCUSD_PERP,bid,57200,790.3
2024-09-13 19:30:54,BTCUSD_PERP,bid,57200,846.35
2024-09-13 19:30:54,BTCUSD_PERP,bid,57200,902.97
2024-09-13 19:32:23,BTCUSD_PERP,bid,57200,733.11
2024-09-13 19:32:23,BTCUSD_PERP,bid,57200,677.06
2024-09-13 19:32:24,BTCUSD_PERP,bid,57200,620.44
2024-09-13 19:32:24,BTCUSD_PERP,bid,57200,564.39
2024-09-13 19:32:24,BTCUSD_PERP,bid,57200,628.76
2024-09-13 19:32:25,BTCUSD_PERP,bid,57200,685.42
2024-09-13 19:32:25,BTCUSD_PERP,bid,57200,798.16
2024-09-13 19:32:26,BTCUSD_PERP,bid,57200,854.82
2024-09-13 19:32:40,BTCUSD_PERP,bid,57200,798.16
2024-09-13 19:32:40,BTCUSD_PERP,bid,57200,572.1
2024-09-13 19:32:41,BTCUSD_PERP,bid,57200,565.16
2024-09-13 19:32:41,BTCUSD_PERP,bid,57200,621.27
2024-09-13 19:32:42,BTCUSD_PERP,bid,57200,734.07
2024-09-13 19:32:42,BTCUSD_PERP,bid,57200,790.76
2024-09-13 19:36:28,BTCUSD_PERP,bid,57200,677.96
2024-09-13 19:36:29,BTCUSD_PERP,bid,57200,565.74
2024-09-13 19:36:29,BTCUSD_PERP,bid,57200,564.28
2024-09-13 19:36:30,BTCUSD_PERP,bid,57200,620.94
2024-09-13 19:36:30,BTCUSD_PERP,bid,57200,677.02
2024-09-13 19:36:30,BTCUSD_PERP,bid,57200,733.68
2024-09-13 19:36:30,BTCUSD_PERP,bid,57200,790.34
2024-09-13 19:36:30,BTCUSD_PERP,bid,57200,847.0
2024-09-13 19:36:30,BTCUSD_PERP,bid,57200,903.66
2024-09-13 19:36:37,BTCUSD_PERP,bid,57200,677.24
2024-09-13 19:36:38,BTCUSD_PERP,bid,57200,733.87
2024-09-13 19:36:42,BTCUSD_PERP,bid,57200,677.82
2024-09-13 19:36:42,BTCUSD_PERP,bid,57200,621.77
2024-09-13 19:36:44,BTCUSD_PERP,bid,57100,564.27
2024-09-13 19:36:44,BTCUSD_PERP,bid,57100,620.87
2024-09-13 19:36:44,BTCUSD_PERP,bid,57100,677.47
2024-09-13 19:36:44,BTCUSD_PERP,bid,57100,733.49
2024-09-13 19:37:11,BTCUSD_PERP,bid,57100,620.29
2024-09-13 19:41:13,BTCUSD_PERP,bid,57200,565.06
2024-09-13 19:41:13,BTCUSD_PERP,bid,57200,621.75
2024-09-13 19:41:24,BTCUSD_PERP,bid,57200,565.06
2024-09-13 19:53:27,BTCUSD_PERP,bid,57400,623.41
2024-09-13 19:53:27,BTCUSD_PERP,bid,57400,679.66
2024-09-13 19:57:11,BTCUSD_PERP,bid,57400,679.53
2024-09-13 19:57:11,BTCUSD_PERP,bid,57400,735.78
2024-09-13 19:57:11,BTCUSD_PERP,bid,57400,792.61
2024-09-13 19:57:12,BTCUSD_PERP,bid,57400,905.69
2024-09-13 19:57:12,BTCUSD_PERP,bid,57400,962.52
2024-09-13 19:57:23,BTCUSD_PERP,bid,57400,905.69
2024-09-13 19:57:23,BTCUSD_PERP,bid,57400,735.2
2024-09-13 19:57:23,BTCUSD_PERP,bid,57400,678.95
2024-09-13 19:57:23,BTCUSD_PERP,bid,57400,622.23
2024-09-13 19:57:24,BTCUSD_PERP,bid,57400,565.98
2024-09-13 19:57:24,BTCUSD_PERP,bid,57400,623.03
2024-09-13 19:57:24,BTCUSD_PERP,bid,57400,679.31
2024-09-13 19:57:24,BTCUSD_PERP,bid,57400,736.17
2024-09-13 19:57:24,BTCUSD_PERP,bid,57400,849.31
2024-09-13 19:57:24,BTCUSD_PERP,bid,57400,963.03
2024-09-13 19:57:25,BTCUSD_PERP,bid,57300,552.75
2024-09-13 19:57:25,BTCUSD_PERP,bid,57400,1019.89
2024-09-13 19:57:25,BTCUSD_PERP,bid,57400,1189.31
2024-09-13 20:02:05,BTCUSD_PERP,bid,57400,1132.45
2024-09-13 20:02:05,BTCUSD_PERP,bid,57400,680.0
2024-09-13 20:02:06,BTCUSD_PERP,bid,57400,1075.49
2024-09-13 20:02:06,BTCUSD_PERP,bid,57400,1132.31
2024-09-13 20:02:33,BTCUSD_PERP,bid,57400,1019.81
2024-09-13 20:02:33,BTCUSD_PERP,bid,57400,963.56
2024-09-13 20:02:33,BTCUSD_PERP,bid,57300,962.01
2024-09-13 20:02:33,BTCUSD_PERP,bid,57300,1018.81
2024-09-13 20:02:34,BTCUSD_PERP,bid,57300,552.16
2024-09-13 20:04:22,BTCUSD_PERP,bid,57300,623.06
2024-09-13 20:04:22,BTCUSD_PERP,bid,57300,961.5
2024-09-13 20:04:22,BTCUSD_PERP,bid,57200,551.88
2024-09-13 20:04:22,BTCUSD_PERP,bid,57300,1018.27
2024-09-13 20:04:25,BTCUSD_PERP,bid,57300,1018.4
2024-09-13 20:05:40,BTCUSD_PERP,bid,57300,905.44
2024-09-13 20:05:40,BTCUSD_PERP,bid,57300,848.67
2024-09-13 20:05:40,BTCUSD_PERP,bid,57300,791.9
2024-09-13 20:05:40,BTCUSD_PERP,bid,57300,735.71
2024-09-13 20:05:40,BTCUSD_PERP,bid,57300,679.05
2024-09-13 20:05:40,BTCUSD_PERP,bid,57300,565.51
2024-09-13 20:05:41,BTCUSD_PERP,bid,57300,566.19
2024-09-13 20:05:41,BTCUSD_PERP,bid,57300,679.22
2024-09-13 20:05:41,BTCUSD_PERP,bid,57300,792.25
2024-09-13 20:06:04,BTCUSD_PERP,bid,57300,736.02
2024-09-13 20:06:04,BTCUSD_PERP,bid,57300,565.29
2024-09-13 20:06:04,BTCUSD_PERP,bid,57300,622.06
2024-09-13 20:06:22,BTCUSD_PERP,bid,57300,735.52
2024-09-13 20:06:22,BTCUSD_PERP,bid,57300,792.33
2024-09-13 20:08:34,BTCUSD_PERP,bid,57300,621.19
2024-09-13 20:08:34,BTCUSD_PERP,bid,57300,677.93
2024-09-13 20:08:56,BTCUSD_PERP,bid,57200,677.52
2024-09-13 20:08:56,BTCUSD_PERP,bid,57200,734.23
2024-09-13 20:10:37,BTCUSD_PERP,bid,57200,678.1
2024-09-13 20:10:37,BTCUSD_PERP,bid,57200,565.26
2024-09-13 20:10:37,BTCUSD_PERP,bid,57200,565.05
2024-09-13 20:10:38,BTCUSD_PERP,bid,57200,621.16
2024-09-13 20:11:24,BTCUSD_PERP,bid,57200,959.98
2024-09-13 20:11:24,BTCUSD_PERP,bid,57200,1016.69
2024-09-13 20:11:29,BTCUSD_PERP,bid,57200,1016.82
2024-09-13 20:11:32,BTCUSD_PERP,bid,57200,1016.95
2024-09-13 20:11:32,BTCUSD_PERP,bid,57200,1017.08
2024-09-13 20:12:06,BTCUSD_PERP,bid,57300,563.98
2024-09-13 20:12:06,BTCUSD_PERP,bid,57300,620.72
2024-09-13 20:12:40,BTCUSD_PERP,bid,57300,563.98
2024-09-13 20:12:41,BTCUSD_PERP,bid,57300,566.27
2024-09-13 20:12:41,BTCUSD_PERP,bid,57300,622.5
2024-09-13 20:12:41,BTCUSD_PERP,bid,57300,679.31
2024-09-13 20:12:41,BTCUSD_PERP,bid,57300,791.77
2024-09-13 20:12:42,BTCUSD_PERP,bid,57300,848.58
2024-09-13 20:12:53,BTCUSD_PERP,bid,57300,565.11
2024-09-13 20:15:28,BTCUSD_PERP,bid,57300,904.43
2024-09-13 20:17:40,BTCUSD_PERP,bid,57200,790.51
2024-09-13 20:17:40,BTCUSD_PERP,bid,57200,847.23
2024-09-13 20:21:32,BTCUSD_PERP,bid,57200,610.14
2024-09-13 20:21:32,BTCUSD_PERP,bid,57200,666.36
2024-09-13 20:21:32,BTCUSD_PERP,bid,57200,722.99
2024-09-13 20:21:33,BTCUSD_PERP,bid,57200,779.61
2024-09-13 20:21:33,BTCUSD_PERP,bid,57200,722.98
2024-09-13 20:21:33,BTCUSD_PERP,bid,57200,791.08
2024-09-13 20:21:33,BTCUSD_PERP,bid,57200,678.22
2024-09-13 20:21:33,BTCUSD_PERP,bid,57200,621.5
2024-09-13 20:21:33,BTCUSD_PERP,bid,57200,564.78
2024-09-13 20:21:33,BTCUSD_PERP,bid,57200,666.36
2024-09-13 20:21:34,BTCUSD_PERP,bid,57200,610.31
2024-09-13 20:21:34,BTCUSD_PERP,bid,57200,554.26
2024-09-13 20:21:34,BTCUSD_PERP,bid,57200,564.49
2024-09-13 20:21:34,BTCUSD_PERP,bid,57200,621.18
2024-09-13 20:21:34,BTCUSD_PERP,bid,57200,734.56
2024-09-13 20:21:35,BTCUSD_PERP,bid,57200,846.78
2024-09-13 20:21:48,BTCUSD_PERP,bid,57200,846.91
2024-09-13 20:21:48,BTCUSD_PERP,bid,57200,847.04
2024-09-13 20:25:19,BTCUSD_PERP,bid,57200,846.91
2024-09-13 20:25:21,BTCUSD_PERP,bid,57200,846.78
2024-09-13 20:27:11,BTCUSD_PERP,bid,57200,790.67
2024-09-13 20:27:11,BTCUSD_PERP,bid,57200,734.56
2024-09-13 20:27:11,BTCUSD_PERP,bid,57200,622.34
2024-09-13 20:27:12,BTCUSD_PERP,bid,57200,565.65
2024-09-13 20:28:52,BTCUSD_PERP,bid,57200,564.27
2024-09-13 20:28:52,BTCUSD_PERP,bid,57200,620.99
2024-09-13 20:28:53,BTCUSD_PERP,bid,57200,621.12
2024-09-13 20:29:17,BTCUSD_PERP,bid,57200,564.0
2024-09-13 20:30:31,BTCUSD_PERP,bid,57200,565.04
2024-09-13 20:31:11,BTCUSD_PERP,bid,57200,620.84
2024-09-13 20:31:11,BTCUSD_PERP,bid,57200,677.5
2024-09-13 20:31:30,BTCUSD_PERP,bid,57200,620.84
2024-09-13 20:31:30,BTCUSD_PERP,bid,57200,564.18
2024-09-13 20:31:49,BTCUSD_PERP,bid,57200,564.56
2024-09-13 20:32:18,BTCUSD_PERP,bid,57300,621.03
2024-09-13 20:32:19,BTCUSD_PERP,bid,57300,621.16
2024-09-13 20:32:27,BTCUSD_PERP,bid,57300,565.01
2024-09-13 20:32:32,BTCUSD_PERP,bid,57300,564.4
2024-09-13 20:32:32,BTCUSD_PERP,bid,57300,621.14
2024-09-13 20:32:32,BTCUSD_PERP,bid,57300,677.88
2024-09-13 20:32:33,BTCUSD_PERP,bid,57300,791.36
2024-09-13 20:32:42,BTCUSD_PERP,bid,57300,564.98
2024-09-13 20:32:42,BTCUSD_PERP,bid,57300,566.85
2024-09-13 20:32:42,BTCUSD_PERP,bid,57300,736.48
2024-09-13 20:32:43,BTCUSD_PERP,bid,57300,793.25
2024-09-13 20:33:00,BTCUSD_PERP,bid,57300,736.48
2024-09-13 20:33:00,BTCUSD_PERP,bid,57300,623.52
2024-09-13 20:33:00,BTCUSD_PERP,bid,57300,564.99
2024-09-13 20:33:25,BTCUSD_PERP,bid,57200,735.38
2024-09-13 20:34:17,BTCUSD_PERP,bid,57200,791.09
2024-09-13 20:34:26,BTCUSD_PERP,bid,57200,678.31
2024-09-13 20:34:27,BTCUSD_PERP,bid,57200,621.63
2024-09-13 20:34:28,BTCUSD_PERP,bid,57200,565.25
2024-09-13 20:34:28,BTCUSD_PERP,bid,57200,621.38
2024-09-13 20:34:28,BTCUSD_PERP,bid,57200,734.8
2024-09-13 20:34:33,BTCUSD_PERP,bid,57200,678.09
2024-09-13 20:34:33,BTCUSD_PERP,bid,57200,621.38
2024-09-13 20:34:33,BTCUSD_PERP,bid,57200,565.25
2024-09-13 20:34:34,BTCUSD_PERP,bid,57300,564.39
2024-09-13 20:34:34,BTCUSD_PERP,bid,57300,621.13
2024-09-13 20:34:34,BTCUSD_PERP,bid,57300,677.87
2024-09-13 20:34:34,BTCUSD_PERP,bid,57300,790.77
2024-09-13 20:34:37,BTCUSD_PERP,bid,57300,791.97
2024-09-13 20:34:59,BTCUSD_PERP,bid,57300,847.96
2024-09-13 20:35:48,BTCUSD_PERP,bid,57300,791.77
2024-09-13 20:35:48,BTCUSD_PERP,bid,57300,735.0
2024-09-13 20:35:48,BTCUSD_PERP,bid,57300,678.23
2024-09-13 20:35:48,BTCUSD_PERP,bid,57300,621.46
2024-09-13 20:35:48,BTCUSD_PERP,bid,57300,565.27
2024-09-13 20:35:49,BTCUSD_PERP,bid,57300,734.54
2024-09-13 20:35:49,BTCUSD_PERP,bid,57300,790.7
2024-09-13 20:35:50,BTCUSD_PERP,bid,57300,847.43
2024-09-13 20:36:15,BTCUSD_PERP,bid,57300,565.28
2024-09-13 20:36:16,BTCUSD_PERP,bid,57300,678.22
2024-09-13 20:36:17,BTCUSD_PERP,bid,57300,679.42
2024-09-13 20:36:55,BTCUSD_PERP,bid,57300,623.24
2024-09-13 20:36:55,BTCUSD_PERP,bid,57300,621.08
2024-09-13 20:36:58,BTCUSD_PERP,bid,57300,564.92
2024-09-13 20:37:24,BTCUSD_PERP,bid,57300,677.24
2024-09-13 20:37:29,BTCUSD_PERP,bid,57300,621.08
2024-09-13 20:37:30,BTCUSD_PERP,bid,57300,565.28
2024-09-13 20:37:30,BTCUSD_PERP,bid,57300,677.64
2024-09-13 20:38:16,BTCUSD_PERP,bid,57300,677.31
2024-09-13 20:38:34,BTCUSD_PERP,bid,57300,563.83
2024-09-13 20:38:36,BTCUSD_PERP,bid,57200,679.26
2024-09-13 20:39:24,BTCUSD_PERP,bid,57300,564.21
2024-09-13 20:39:24,BTCUSD_PERP,bid,57300,677.19
2024-09-13 20:40:23,BTCUSD_PERP,bid,57300,620.52
2024-09-13 20:40:23,BTCUSD_PERP,bid,57300,564.32
2024-09-13 20:40:25,BTCUSD_PERP,bid,57300,565.09
2024-09-13 20:40:47,BTCUSD_PERP,bid,57400,564.82
2024-09-13 20:40:47,BTCUSD_PERP,bid,57400,621.66
2024-09-13 20:41:03,BTCUSD_PERP,bid,57400,564.82
2024-09-13 20:41:04,BTCUSD_PERP,bid,57300,565.1
2024-09-13 20:41:20,BTCUSD_PERP,bid,57300,621.0
2024-09-13 20:41:56,BTCUSD_PERP,bid,57300,564.52
2024-09-13 20:41:56,BTCUSD_PERP,bid,57300,621.33
2024-09-13 20:42:19,BTCUSD_PERP,bid,57400,565.5
2024-09-13 20:42:19,BTCUSD_PERP,bid,57400,621.77
2024-09-13 20:42:48,BTCUSD_PERP,bid,57300,565.25
2024-09-13 20:42:48,BTCUSD_PERP,bid,57300,622.06
2024-09-13 20:43:30,BTCUSD_PERP,bid,57400,552.86
2024-09-13 20:43:31,BTCUSD_PERP,bid,57400,609.13
2024-09-13 20:43:31,BTCUSD_PERP,bid,57400,665.4
2024-09-13 20:43:45,BTCUSD_PERP,bid,57400,722.25
2024-09-13 20:43:56,BTCUSD_PERP,bid,57400,609.23
2024-09-13 20:43:56,BTCUSD_PERP,bid,57400,552.96
2024-09-13 20:44:14,BTCUSD_PERP,bid,57400,625.27
2024-09-13 20:44:14,BTCUSD_PERP,bid,57400,681.6
2024-09-13 20:44:14,BTCUSD_PERP,bid,57400,738.51
2024-09-13 20:44:14,BTCUSD_PERP,bid,57400,852.33
2024-09-13 20:44:28,BTCUSD_PERP,bid,57400,739.2
2024-09-13 20:44:29,BTCUSD_PERP,bid,57400,682.29
2024-09-13 20:44:29,BTCUSD_PERP,bid,57400,625.96
2024-09-13 20:44:29,BTCUSD_PERP,bid,57400,569.05
2024-09-13 20:44:53,BTCUSD_PERP,bid,57600,568.01
2024-09-13 20:44:53,BTCUSD_PERP,bid,57600,625.03
2024-09-13 20:44:53,BTCUSD_PERP,bid,57600,795.07
2024-09-13 20:44:54,BTCUSD_PERP,bid,57600,852.09
2024-09-13 20:45:05,BTCUSD_PERP,bid,57500,967.24
2024-09-13 20:45:11,BTCUSD_PERP,bid,57500,910.83
2024-09-13 20:45:11,BTCUSD_PERP,bid,57500,853.84
2024-09-13 20:45:12,BTCUSD_PERP,bid,57500,740.44
2024-09-13 20:45:12,BTCUSD_PERP,bid,57500,683.45
2024-09-13 20:45:12,BTCUSD_PERP,bid,57500,626.46
2024-09-13 20:45:13,BTCUSD_PERP,bid,57600,625.59
2024-09-13 20:45:13,BTCUSD_PERP,bid,57600,682.04
2024-09-13 20:45:13,BTCUSD_PERP,bid,57600,739.07
2024-09-13 20:45:22,BTCUSD_PERP,bid,57500,738.68
2024-09-13 20:47:04,BTCUSD_PERP,bid,57600,585.51
2024-09-13 20:47:04,BTCUSD_PERP,bid,57600,641.96
2024-09-13 20:47:04,BTCUSD_PERP,bid,57600,756.02
2024-09-13 20:47:04,BTCUSD_PERP,bid,57600,870.08
2024-09-13 20:47:04,BTCUSD_PERP,bid,57600,983.56
2024-09-13 20:47:05,BTCUSD_PERP,bid,57600,1040.01
2024-09-13 20:47:05,BTCUSD_PERP,bid,57600,1097.04
2024-09-13 20:47:56,BTCUSD_PERP,bid,57600,1040.01
2024-09-13 20:47:56,BTCUSD_PERP,bid,57600,982.98
2024-09-13 20:47:56,BTCUSD_PERP,bid,57600,926.53
2024-09-13 20:47:57,BTCUSD_PERP,bid,57600,870.08
2024-09-13 20:47:57,BTCUSD_PERP,bid,57600,813.63
2024-09-13 20:47:57,BTCUSD_PERP,bid,57600,643.12
2024-09-13 20:47:57,BTCUSD_PERP,bid,57600,529.06
2024-09-13 20:48:47,BTCUSD_PERP,bid,57600,567.98
2024-09-13 20:48:48,BTCUSD_PERP,bid,57600,625.01
2024-09-13 20:49:04,BTCUSD_PERP,bid,57600,567.98
2024-09-13 20:50:47,BTCUSD_PERP,bid,57500,737.14
2024-09-13 20:50:48,BTCUSD_PERP,bid,57500,793.5
2024-09-13 20:51:23,BTCUSD_PERP,bid,57500,680.21
2024-09-13 20:51:24,BTCUSD_PERP,bid,57500,567.96
2024-09-13 20:51:24,BTCUSD_PERP,bid,57500,681.32
2024-09-13 20:51:24,BTCUSD_PERP,bid,57500,795.16
2024-09-13 20:51:24,BTCUSD_PERP,bid,57400,553.85
2024-09-13 20:51:24,BTCUSD_PERP,bid,57500,908.52
2024-09-13 20:51:25,BTCUSD_PERP,bid,57500,965.49
2024-09-13 20:51:25,BTCUSD_PERP,bid,57500,1078.85
2024-09-13 20:51:25,BTCUSD_PERP,bid,57500,1135.24
2024-09-13 20:55:02,BTCUSD_PERP,bid,57400,610.76
2024-09-13 20:55:02,BTCUSD_PERP,bid,57500,1021.88
2024-09-13 20:55:02,BTCUSD_PERP,bid,57400,724.56
2024-09-13 20:55:02,BTCUSD_PERP,bid,57500,907.94
2024-09-13 20:55:02,BTCUSD_PERP,bid,57500,737.61
2024-09-13 20:55:03,BTCUSD_PERP,bid,57500,680.64
2024-09-13 20:55:03,BTCUSD_PERP,bid,57500,566.7
2024-09-13 20:55:03,BTCUSD_PERP,bid,57500,568.84
2024-09-13 20:55:03,BTCUSD_PERP,bid,57500,625.74
2024-09-13 20:55:03,BTCUSD_PERP,bid,57400,781.46
2024-09-13 20:55:03,BTCUSD_PERP,bid,57500,682.16
2024-09-13 20:55:03,BTCUSD_PERP,bid,57400,837.79
2024-09-13 20:55:03,BTCUSD_PERP,bid,57500,795.0
2024-09-13 20:55:03,BTCUSD_PERP,bid,57500,909.0
2024-09-13 20:55:03,BTCUSD_PERP,bid,57500,1022.42
2024-09-13 20:55:03,BTCUSD_PERP,bid,57500,1078.84
2024-09-13 20:55:03,BTCUSD_PERP,bid,57400,894.12
2024-09-13 20:55:04,BTCUSD_PERP,bid,57500,1135.84
2024-09-13 20:55:05,BTCUSD_PERP,bid,57400,837.77
2024-09-13 20:55:05,BTCUSD_PERP,bid,57400,795.09
2024-09-13 20:55:05,BTCUSD_PERP,bid,57400,738.21
2024-09-13 20:55:09,BTCUSD_PERP,bid,57500,1022.42
2024-09-13 20:55:09,BTCUSD_PERP,bid,57400,624.41
2024-09-13 20:55:09,BTCUSD_PERP,bid,57500,567.42
2024-09-13 20:55:09,BTCUSD_PERP,bid,57500,1022.02
2024-09-13 20:55:10,BTCUSD_PERP,bid,57500,1078.99
2024-09-13 20:55:52,BTCUSD_PERP,bid,57500,1022.02
2024-09-13 20:55:52,BTCUSD_PERP,bid,57500,908.66
2024-09-13 20:55:52,BTCUSD_PERP,bid,57500,795.4
2024-09-13 20:55:52,BTCUSD_PERP,bid,57500,624.49
2024-09-13 21:00:08,BTCUSD_PERP,bid,57500,526.6
2024-09-13 21:00:21,BTCUSD_PERP,bid,57400,565.6
2024-09-13 21:00:21,BTCUSD_PERP,bid,57400,622.46
2024-09-13 21:00:27,BTCUSD_PERP,bid,57400,566.76
2024-09-13 21:01:09,BTCUSD_PERP,bid,57400,622.67
2024-09-13 21:01:09,BTCUSD_PERP,bid,57400,679.55
2024-09-13 21:02:16,BTCUSD_PERP,bid,57400,623.25
2024-09-13 21:02:16,BTCUSD_PERP,bid,57400,622.25
2024-09-13 21:02:16,BTCUSD_PERP,bid,57400,679.09
2024-09-13 21:03:39,BTCUSD_PERP,bid,57500,567.66
2024-09-13 21:03:40,BTCUSD_PERP,bid,57500,624.5
2024-09-13 21:03:40,BTCUSD_PERP,bid,57500,680.86
2024-09-13 21:03:57,BTCUSD_PERP,bid,57500,624.02
2024-09-13 21:03:57,BTCUSD_PERP,bid,57400,567.36
2024-09-13 21:04:08,BTCUSD_PERP,bid,57400,566.22
2024-09-13 21:04:08,BTCUSD_PERP,bid,57400,623.14
2024-09-13 21:04:31,BTCUSD_PERP,bid,57500,566.52
2024-09-13 21:04:37,BTCUSD_PERP,bid,57500,623.47
2024-09-13 21:05:03,BTCUSD_PERP,bid,57500,566.33
2024-09-13 21:05:09,BTCUSD_PERP,bid,57600,581.66
2024-09-13 21:05:23,BTCUSD_PERP,bid,57600,525.21
2024-09-13 21:05:43,BTCUSD_PERP,bid,57600,568.71
2024-09-13 21:05:43,BTCUSD_PERP,bid,57600,625.81
2024-09-13 21:05:44,BTCUSD_PERP,bid,57600,682.91
2024-09-13 21:05:44,BTCUSD_PERP,bid,57600,739.43
2024-09-13 21:06:10,BTCUSD_PERP,bid,57600,682.91
2024-09-13 21:06:10,BTCUSD_PERP,bid,57600,625.81
2024-09-13 21:09:20,BTCUSD_PERP,bid,57700,683.53
2024-09-13 21:09:43,BTCUSD_PERP,bid,57700,626.42
2024-09-13 21:09:51,BTCUSD_PERP,bid,57700,682.8
2024-09-13 21:10:05,BTCUSD_PERP,bid,57700,569.08
2024-09-13 21:11:19,BTCUSD_PERP,bid,57700,569.38
2024-09-13 21:15:36,BTCUSD_PERP,bid,57700,626.09
2024-09-13 21:15:36,BTCUSD_PERP,bid,57700,740.47
2024-09-13 21:16:09,BTCUSD_PERP,bid,57700,569.48
2024-09-13 21:16:09,BTCUSD_PERP,bid,57700,626.34
2024-09-13 21:16:09,BTCUSD_PERP,bid,57700,683.5
2024-09-13 21:17:00,BTCUSD_PERP,bid,57700,626.67
2024-09-13 21:17:01,BTCUSD_PERP,bid,57700,683.86
2024-09-13 21:17:06,BTCUSD_PERP,bid,57700,697.7
2024-09-13 21:17:07,BTCUSD_PERP,bid,57700,699.77
2024-09-13 21:18:11,BTCUSD_PERP,bid,57700,642.58
2024-09-13 21:18:11,BTCUSD_PERP,bid,57700,569.09
2024-09-13 21:18:11,BTCUSD_PERP,bid,57700,682.81
2024-09-13 21:18:11,BTCUSD_PERP,bid,57700,739.96
2024-09-13 21:18:14,BTCUSD_PERP,bid,57700,682.91
2024-09-13 21:18:15,BTCUSD_PERP,bid,57700,569.19
2024-09-13 21:20:09,BTCUSD_PERP,bid,57700,626.41
2024-09-13 21:21:53,BTCUSD_PERP,bid,57700,569.25
2024-09-13 21:26:18,BTCUSD_PERP,bid,57700,796.74
2024-09-13 21:26:18,BTCUSD_PERP,bid,57700,853.91
2024-09-13 21:26:19,BTCUSD_PERP,bid,57700,796.74
2024-09-13 21:26:26,BTCUSD_PERP,bid,57700,739.23
2024-09-13 21:26:26,BTCUSD_PERP,bid,57700,796.37
2024-09-13 21:27:04,BTCUSD_PERP,bid,57600,738.85
2024-09-13 21:27:04,BTCUSD_PERP,bid,57600,795.96
2024-09-13 21:27:15,BTCUSD_PERP,bid,57600,625.21
2024-09-13 21:27:15,BTCUSD_PERP,bid,57600,738.51
2024-09-13 21:27:15,BTCUSD_PERP,bid,57600,795.59
2024-09-13 21:27:26,BTCUSD_PERP,bid,57600,682.01
2024-09-13 21:27:26,BTCUSD_PERP,bid,57600,625.51
2024-09-13 21:30:00,BTCUSD_PERP,bid,57500,680.64
2024-09-13 21:30:20,BTCUSD_PERP,bid,57500,849.97
2024-09-13 21:30:20,BTCUSD_PERP,bid,57500,906.9
2024-09-13 21:30:21,BTCUSD_PERP,bid,57500,793.61
2024-09-13 21:30:21,BTCUSD_PERP,bid,57500,623.95
2024-09-13 21:30:21,BTCUSD_PERP,bid,57400,623.69
2024-09-13 21:30:21,BTCUSD_PERP,bid,57400,680.02
2024-09-13 21:33:23,BTCUSD_PERP,bid,57400,565.7
2024-09-13 21:34:34,BTCUSD_PERP,bid,57400,566.01
2024-09-13 21:35:31,BTCUSD_PERP,bid,57400,565.71
2024-09-13 21:37:39,BTCUSD_PERP,bid,57700,568.89
2024-09-13 21:37:44,BTCUSD_PERP,bid,57600,525.78
2024-09-13 21:37:45,BTCUSD_PERP,bid,57600,582.29
2024-09-13 21:40:12,BTCUSD_PERP,bid,57700,569.05
2024-09-13 21:40:13,BTCUSD_PERP,bid,57700,626.19
2024-09-13 21:40:13,BTCUSD_PERP,bid,57700,683.33
2024-09-13 21:40:13,BTCUSD_PERP,bid,57700,740.47
2024-09-13 21:40:14,BTCUSD_PERP,bid,57700,797.02
2024-09-13 21:40:14,BTCUSD_PERP,bid,57700,854.16
2024-09-13 21:40:44,BTCUSD_PERP,bid,57700,797.02
2024-09-13 21:40:44,BTCUSD_PERP,bid,57700,626.19
2024-09-13 21:40:44,BTCUSD_PERP,bid,57700,569.05
2024-09-13 21:40:45,BTCUSD_PERP,bid,57700,569.97
2024-09-13 21:40:45,BTCUSD_PERP,bid,57700,627.14
2024-09-13 21:40:45,BTCUSD_PERP,bid,57700,683.73
2024-09-13 21:40:45,BTCUSD_PERP,bid,57700,740.8
2024-09-13 21:41:58,BTCUSD_PERP,bid,57700,683.63
2024-09-13 21:41:58,BTCUSD_PERP,bid,57700,569.86
2024-09-13 21:42:00,BTCUSD_PERP,bid,57700,626.95
2024-09-13 21:42:06,BTCUSD_PERP,bid,57700,569.74
2024-09-13 21:42:07,BTCUSD_PERP,bid,57700,740.28
2024-09-13 21:42:07,BTCUSD_PERP,bid,57700,854.05
2024-09-13 21:43:32,BTCUSD_PERP,bid,57700,684.28
2024-09-13 21:43:32,BTCUSD_PERP,bid,57700,627.1
2024-09-13 21:43:32,BTCUSD_PERP,bid,57700,570.51
2024-09-13 21:43:33,BTCUSD_PERP,bid,57700,628.13
2024-09-13 21:44:10,BTCUSD_PERP,bid,57700,571.51
2024-09-13 21:44:10,BTCUSD_PERP,bid,57800,568.93
2024-09-13 21:44:10,BTCUSD_PERP,bid,57800,625.59
2024-09-13 21:44:11,BTCUSD_PERP,bid,57800,682.73
2024-09-13 21:44:11,BTCUSD_PERP,bid,57800,739.97
2024-09-13 21:44:11,BTCUSD_PERP,bid,57800,797.21
2024-09-13 21:44:11,BTCUSD_PERP,bid,57800,854.45
2024-09-13 21:44:11,BTCUSD_PERP,bid,57800,911.69
2024-09-13 21:44:11,BTCUSD_PERP,bid,57800,1025.59
2024-09-13 21:44:11,BTCUSD_PERP,bid,57800,1140.07
2024-09-13 21:44:11,BTCUSD_PERP,bid,57800,1197.31
2024-09-13 21:44:46,BTCUSD_PERP,bid,57800,1083.41
2024-09-13 21:44:46,BTCUSD_PERP,bid,57700,741.9
2024-09-13 21:44:46,BTCUSD_PERP,bid,57700,855.74
2024-09-13 21:44:47,BTCUSD_PERP,bid,57700,912.95
2024-09-13 21:45:17,BTCUSD_PERP,bid,57700,855.74
2024-09-13 21:45:25,BTCUSD_PERP,bid,57700,741.32
2024-09-13 21:45:25,BTCUSD_PERP,bid,57700,684.69
2024-09-13 21:45:26,BTCUSD_PERP,bid,57800,626.66
2024-09-13 21:45:26,BTCUSD_PERP,bid,57800,683.9
2024-09-13 21:45:26,BTCUSD_PERP,bid,57800,855.04
2024-09-13 21:45:26,BTCUSD_PERP,bid,57800,968.94
2024-09-13 21:45:26,BTCUSD_PERP,bid,57800,1026.18
2024-09-13 21:45:27,BTCUSD_PERP,bid,57700,556.48
2024-09-13 21:45:27,BTCUSD_PERP,bid,57800,1083.42
2024-09-13 21:45:44,BTCUSD_PERP,bid,57800,1026.18
2024-09-13 21:45:44,BTCUSD_PERP,bid,57700,797.95
2024-09-13 21:45:44,BTCUSD_PERP,bid,57700,556.24
2024-09-13 21:45:44,BTCUSD_PERP,bid,57700,855.16
2024-09-13 21:46:11,BTCUSD_PERP,bid,57700,684.11
2024-09-13 21:46:11,BTCUSD_PERP,bid,57700,570.26
2024-09-13 21:46:12,BTCUSD_PERP,bid,57800,572.15
2024-09-13 21:46:12,BTCUSD_PERP,bid,57800,629.39
2024-09-13 21:46:12,BTCUSD_PERP,bid,57800,686.05
2024-09-13 21:46:12,BTCUSD_PERP,bid,57800,742.71
2024-09-13 21:46:13,BTCUSD_PERP,bid,57700,556.53
2024-09-13 21:46:13,BTCUSD_PERP,bid,57800,799.37
2024-09-13 21:46:13,BTCUSD_PERP,bid,57800,856.61
2024-09-13 21:46:13,BTCUSD_PERP,bid,57800,970.41
2024-09-13 21:46:13,BTCUSD_PERP,bid,57800,1142.13
2024-09-13 21:46:13,BTCUSD_PERP,bid,57800,1199.37
2024-09-13 21:47:30,BTCUSD_PERP,bid,57800,1197.3
2024-09-13 21:49:22,BTCUSD_PERP,bid,57800,1083.98
2024-09-13 21:49:22,BTCUSD_PERP,bid,57800,1026.74
2024-09-13 21:49:22,BTCUSD_PERP,bid,57800,970.08
2024-09-13 21:49:22,BTCUSD_PERP,bid,57800,627.8
2024-09-13 21:49:22,BTCUSD_PERP,bid,57700,684.15
2024-09-13 21:49:37,BTCUSD_PERP,bid,57700,626.94
2024-09-13 21:49:39,BTCUSD_PERP,bid,57800,626.67
2024-09-13 21:49:39,BTCUSD_PERP,bid,57800,683.33
2024-09-13 21:49:39,BTCUSD_PERP,bid,57800,797.81
2024-09-13 21:49:39,BTCUSD_PERP,bid,57800,912.29
2024-09-13 21:49:39,BTCUSD_PERP,bid,57800,1026.77
2024-09-13 21:51:20,BTCUSD_PERP,bid,57800,570.69
2024-09-13 21:51:20,BTCUSD_PERP,bid,57700,968.43
2024-09-13 21:51:20,BTCUSD_PERP,bid,57700,1025.64
2024-09-13 21:51:21,BTCUSD_PERP,bid,57700,968.43
2024-09-13 21:51:22,BTCUSD_PERP,bid,57700,854.12
2024-09-13 21:51:22,BTCUSD_PERP,bid,57700,911.3
2024-09-13 21:51:27,BTCUSD_PERP,bid,57700,797.62
2024-09-13 21:51:27,BTCUSD_PERP,bid,57700,682.9
2024-09-13 21:51:27,BTCUSD_PERP,bid,57700,740.05
2024-09-13 21:51:27,BTCUSD_PERP,bid,57700,797.2
2024-09-13 21:51:32,BTCUSD_PERP,bid,57700,740.63
2024-09-13 21:51:32,BTCUSD_PERP,bid,57700,683.48
2024-09-13 21:51:32,BTCUSD_PERP,bid,57700,626.33
2024-09-13 21:54:26,BTCUSD_PERP,bid,57800,572.45
2024-09-13 21:54:27,BTCUSD_PERP,bid,57800,629.12
2024-09-13 21:54:27,BTCUSD_PERP,bid,57800,743.04
2024-09-13 21:54:27,BTCUSD_PERP,bid,57800,800.29
2024-09-13 21:54:47,BTCUSD_PERP,bid,57800,1025.79
2024-09-13 21:54:47,BTCUSD_PERP,bid,57800,1083.01
2024-09-13 21:55:09,BTCUSD_PERP,bid,57800,969.15
2024-09-13 21:55:10,BTCUSD_PERP,bid,57800,855.29
2024-09-13 21:55:10,BTCUSD_PERP,bid,57800,798.18
2024-09-13 21:55:10,BTCUSD_PERP,bid,57800,741.54
2024-09-13 21:55:10,BTCUSD_PERP,bid,57800,684.9
2024-09-13 21:55:10,BTCUSD_PERP,bid,57800,570.46
2024-09-13 21:55:10,BTCUSD_PERP,bid,57800,683.43
2024-09-13 21:55:10,BTCUSD_PERP,bid,57800,797.93
2024-09-13 21:55:11,BTCUSD_PERP,bid,57800,855.18
2024-09-13 21:55:11,BTCUSD_PERP,bid,57800,969.1
2024-09-13 21:55:11,BTCUSD_PERP,bid,57800,1026.35
2024-09-13 21:55:39,BTCUSD_PERP,bid,57800,912.42
2024-09-13 21:55:39,BTCUSD_PERP,bid,57800,855.27
2024-09-13 21:55:40,BTCUSD_PERP,bid,57800,741.93
2024-09-13 21:55:40,BTCUSD_PERP,bid,57800,684.68
2024-09-13 21:55:40,BTCUSD_PERP,bid,57800,570.18
2024-09-13 21:55:40,BTCUSD_PERP,bid,57800,627.84
2024-09-13 21:55:40,BTCUSD_PERP,bid,57800,856.45
2024-09-13 21:55:41,BTCUSD_PERP,bid,57800,970.46
2024-09-13 21:55:41,BTCUSD_PERP,bid,57800,1027.76
2024-09-13 21:55:52,BTCUSD_PERP,bid,57800,970.46
2024-09-13 21:55:52,BTCUSD_PERP,bid,57800,856.44
2024-09-13 21:55:53,BTCUSD_PERP,bid,57800,742.54
2024-09-13 21:55:53,BTCUSD_PERP,bid,57800,627.94
2024-09-13 21:57:09,BTCUSD_PERP,bid,57900,571.48
2024-09-13 21:57:10,BTCUSD_PERP,bid,57900,628.87
2024-09-13 21:57:34,BTCUSD_PERP,bid,58000,572.43
2024-09-13 21:57:35,BTCUSD_PERP,bid,58000,629.26
2024-09-13 21:57:35,BTCUSD_PERP,bid,58000,686.68
2024-09-13 21:57:42,BTCUSD_PERP,bid,58000,629.26
2024-09-13 21:57:42,BTCUSD_PERP,bid,58000,633.66
2024-09-13 21:57:43,BTCUSD_PERP,bid,58000,690.54
2024-09-13 21:57:43,BTCUSD_PERP,bid,58000,748.01
2024-09-13 21:57:46,BTCUSD_PERP,bid,58000,690.54
2024-09-13 21:57:47,BTCUSD_PERP,bid,58000,633.07
2024-09-13 21:57:47,BTCUSD_PERP,bid,58000,629.42
2024-09-13 21:57:47,BTCUSD_PERP,bid,58000,686.85
2024-09-13 21:57:47,BTCUSD_PERP,bid,58000,744.28
2024-09-13 21:57:48,BTCUSD_PERP,bid,58000,801.13
2024-09-13 21:57:57,BTCUSD_PERP,bid,58000,743.7
2024-09-13 21:57:57,BTCUSD_PERP,bid,57900,800.11
2024-09-13 21:57:57,BTCUSD_PERP,bid,57900,1029.16
2024-09-13 21:58:27,BTCUSD_PERP,bid,57900,971.75
2024-09-13 21:58:28,BTCUSD_PERP,bid,57900,802.36
2024-09-13 21:58:34,BTCUSD_PERP,bid,57900,799.18
2024-09-13 21:58:39,BTCUSD_PERP,bid,57900,684.5
2024-09-13 21:58:39,BTCUSD_PERP,bid,57800,1084.73
2024-09-13 21:59:04,BTCUSD_PERP,bid,57800,741.45
2024-09-13 21:59:04,BTCUSD_PERP,bid,57800,684.72
2024-09-13 21:59:05,BTCUSD_PERP,bid,57800,627.99
2024-09-13 21:59:05,BTCUSD_PERP,bid,57800,571.26
2024-09-13 21:59:51,BTCUSD_PERP,bid,57900,571.34
2024-09-13 21:59:51,BTCUSD_PERP,bid,57900,628.13
2024-09-13 22:00:40,BTCUSD_PERP,bid,57900,570.75
2024-09-13 22:00:41,BTCUSD_PERP,bid,57900,571.05
2024-09-13 22:00:41,BTCUSD_PERP,bid,57900,627.81
2024-09-13 22:01:10,BTCUSD_PERP,bid,57900,571.64
2024-09-13 22:01:10,BTCUSD_PERP,bid,57900,628.46
2024-09-13 22:02:49,BTCUSD_PERP,bid,57900,627.8
2024-09-13 22:03:00,BTCUSD_PERP,bid,57900,570.74
2024-09-13 22:03:24,BTCUSD_PERP,bid,57900,573.47
2024-09-13 22:03:24,BTCUSD_PERP,bid,57900,630.27
2024-09-13 22:03:37,BTCUSD_PERP,bid,57900,627.85
2024-09-13 22:04:18,BTCUSD_PERP,bid,57900,571.08
2024-09-13 22:04:19,BTCUSD_PERP,bid,57900,570.73
2024-09-13 22:04:48,BTCUSD_PERP,bid,57900,531.63
2024-09-13 22:04:48,BTCUSD_PERP,bid,57900,588.39
2024-09-13 22:07:11,BTCUSD_PERP,bid,57800,571.95
2024-09-13 22:10:25,BTCUSD_PERP,bid,58000,571.98
2024-09-13 22:11:35,BTCUSD_PERP,bid,57900,572.16
2024-09-13 22:11:35,BTCUSD_PERP,bid,57900,629.56
2024-09-13 22:12:12,BTCUSD_PERP,bid,58000,571.88
2024-09-13 22:16:23,BTCUSD_PERP,bid,58000,571.95
2024-09-13 22:16:24,BTCUSD_PERP,bid,58000,629.39
2024-09-13 22:16:24,BTCUSD_PERP,bid,58000,686.83
2024-09-13 22:16:24,BTCUSD_PERP,bid,58000,744.27
2024-09-13 22:18:26,BTCUSD_PERP,bid,57900,571.02
2024-09-13 22:18:27,BTCUSD_PERP,bid,57900,584.9
2024-09-13 22:18:43,BTCUSD_PERP,bid,57900,528.14
2024-09-13 22:21:28,BTCUSD_PERP,bid,58000,571.74
2024-09-13 22:21:35,BTCUSD_PERP,bid,58000,571.88
2024-09-13 22:22:14,BTCUSD_PERP,bid,58000,572.39
2024-09-13 22:22:14,BTCUSD_PERP,bid,58000,629.29
2024-09-13 22:22:14,BTCUSD_PERP,bid,58000,744.25
2024-09-13 22:22:14,BTCUSD_PERP,bid,58000,801.73
2024-09-13 22:22:14,BTCUSD_PERP,bid,58000,859.21
2024-09-13 22:22:32,BTCUSD_PERP,bid,58000,744.43
2024-09-13 22:22:52,BTCUSD_PERP,bid,58000,687.56
2024-09-13 22:22:52,BTCUSD_PERP,bid,58000,630.69
2024-09-13 22:22:52,BTCUSD_PERP,bid,58000,573.24
2024-09-13 22:23:16,BTCUSD_PERP,bid,58200,518.51
2024-09-13 22:25:06,BTCUSD_PERP,bid,58300,517.26
2024-09-13 22:25:06,BTCUSD_PERP,bid,58300,575.06
2024-09-13 22:26:04,BTCUSD_PERP,bid,58300,517.85
2024-09-13 22:28:54,BTCUSD_PERP,bid,58500,519.98
2024-09-13 22:29:09,BTCUSD_PERP,bid,58500,693.42
2024-09-13 22:29:09,BTCUSD_PERP,bid,58500,751.41
