2024-09-01 07:00:42,ETHUSDT,bid,2430,5404.092
2024-09-01 07:01:55,ETHUSDT,bid,2460,5311.45
2024-09-01 07:02:14,ETHUSDT,bid,2450,5371.038
2024-09-01 07:02:16,ETHUSDT,bid,2450,4135.783
2024-09-01 07:02:49,ETHUSDT,bid,2420,4393.411
2024-09-01 07:02:51,ETHUSDT,bid,2450,5370.835
2024-09-01 07:03:56,ETHUSDT,bid,2470,5347.055
2024-09-01 07:04:58,ETHUSDT,bid,2420,4393.211
2024-09-01 07:06:27,ETHUSDT,bid,2470,5345.046
2024-09-01 07:06:43,ETHUSDT,bid,2470,4100.348
2024-09-01 07:07:14,ETHUSDT,bid,2450,5340.329
2024-09-01 07:08:27,ETHUSDT,bid,2460,5311.35
2024-09-01 07:09:02,ETHUSDT,bid,2440,4114.855
2024-09-01 07:09:36,ETHUSDT,bid,2440,5228.28
2024-09-01 07:10:16,ETHUSDT,bid,2470,5343.416
2024-09-01 07:10:22,ETHUSDT,bid,2440,5228.076
2024-09-01 07:10:56,ETHUSDT,bid,2420,4397.711
2024-09-01 07:11:06,ETHUSDT,bid,2420,4393.211
2024-09-01 07:11:12,ETHUSDT,bid,2420,4397.711
2024-09-01 07:11:22,ETHUSDT,bid,2420,4393.211
2024-09-01 07:12:15,ETHUSDT,bid,2440,4115.855
2024-09-01 07:12:27,ETHUSDT,bid,2450,4131.611
2024-09-01 07:12:55,ETHUSDT,bid,2450,4131.587
2024-09-01 07:13:16,ETHUSDT,bid,2450,5337.325
2024-09-01 07:13:43,ETHUSDT,bid,2420,4397.711
2024-09-01 07:13:54,ETHUSDT,bid,2420,4393.211
2024-09-01 07:14:15,ETHUSDT,bid,2410,4202.996
2024-09-01 07:15:12,ETHUSDT,bid,2470,5347.853
2024-09-01 07:18:45,ETHUSDT,bid,2470,5348.66
2024-09-01 07:18:45,ETHUSDT,bid,2470,5347.853
2024-09-01 07:18:50,ETHUSDT,bid,2470,5348.458
2024-09-01 07:18:54,ETHUSDT,bid,2430,5430.857
2024-09-01 07:19:00,ETHUSDT,bid,2470,5347.853
2024-09-01 07:19:32,ETHUSDT,bid,2410,5126.897
2024-09-01 07:20:18,ETHUSDT,bid,2470,5346.661
2024-09-01 07:23:00,ETHUSDT,bid,2450,5338.917
2024-09-01 07:23:10,ETHUSDT,bid,2410,4203.011
2024-09-01 07:23:10,ETHUSDT,bid,2450,4131.602
2024-09-01 07:25:26,ETHUSDT,bid,2460,5297.844
2024-09-01 07:26:34,ETHUSDT,bid,2460,5297.594
2024-09-01 07:26:57,ETHUSDT,bid,2460,5297.894
2024-09-01 07:27:24,ETHUSDT,bid,2460,5297.594
2024-09-01 07:27:36,ETHUSDT,bid,2460,5297.894
2024-09-01 07:27:51,ETHUSDT,bid,2470,4100.388
2024-09-01 07:28:00,ETHUSDT,bid,2470,5359.977
2024-09-01 07:28:00,ETHUSDT,bid,2440,5220.714
2024-09-01 07:28:03,ETHUSDT,bid,2470,5373.293
2024-09-01 07:28:03,ETHUSDT,bid,2470,5386.609
