2024-08-24 07:02:34,ETHUSDT,ask,2850,5126.228
2024-08-24 07:03:21,ETHUSDT,bid,2250,4461.314
2024-08-24 07:03:34,ETHUSDT,ask,2880,3695.418
2024-08-24 07:04:40,ETHUSDT,ask,2850,5125.528
2024-08-24 07:04:51,ETHUSDT,ask,2850,5225.528
2024-08-24 07:09:11,ETHUSDT,ask,2840,3637.935
2024-08-24 07:09:21,ETHUSDT,ask,2840,3637.943
2024-08-24 07:10:02,ETHUSDT,ask,2840,3637.951
2024-08-24 07:11:46,ETHUSDT,ask,2850,5225.545
2024-08-24 07:13:39,ETHUSDT,ask,2840,3638.319
2024-08-24 07:15:09,ETHUSDT,ask,2840,3637.946
2024-08-24 07:15:14,ETHUSDT,ask,2840,3641.946
2024-08-24 07:17:04,ETHUSDT,ask,2840,3641.231
2024-08-24 07:18:07,ETHUSDT,ask,2840,3650.033
2024-08-24 07:19:11,ETHUSDT,ask,2840,3650.736
2024-08-24 07:19:20,ETHUSDT,ask,2840,3650.764
2024-08-24 07:19:20,ETHUSDT,ask,2840,3650.736
2024-08-24 07:20:01,ETHUSDT,ask,2880,3694.418
2024-08-24 07:20:20,ETHUSDT,ask,2850,5225.245
2024-08-24 07:22:36,ETHUSDT,ask,2850,5225.315
2024-08-24 07:22:37,ETHUSDT,bid,1940,5155.947
2024-08-24 07:22:53,ETHUSDT,ask,2850,5225.497
2024-08-24 07:22:54,ETHUSDT,ask,2880,3694.487
2024-08-24 07:23:36,ETHUSDT,ask,2850,5225.475
2024-08-24 07:24:46,ETHUSDT,ask,2850,5225.275
2024-08-24 07:25:50,ETHUSDT,ask,2850,5225.438
2024-08-24 07:25:55,ETHUSDT,ask,2880,3693.487
2024-08-24 07:26:15,ETHUSDT,ask,2850,5226.929
2024-08-24 07:27:03,ETHUSDT,ask,3030,7758.213
2024-08-24 07:27:03,ETHUSDT,ask,3030,7758.223
2024-08-24 07:27:03,ETHUSDT,ask,3030,7758.243
2024-08-24 07:27:04,ETHUSDT,ask,3030,7758.253
2024-08-24 07:28:10,ETHUSDT,ask,2850,5225.638
2024-08-24 07:28:23,ETHUSDT,ask,2840,3650.745
2024-08-24 07:28:23,ETHUSDT,ask,2890,3457.353
2024-08-24 07:28:34,ETHUSDT,ask,3030,7758.243
2024-08-24 07:28:37,ETHUSDT,ask,3030,7758.203
2024-08-24 07:28:40,ETHUSDT,ask,2880,3695.487
2024-08-24 07:28:43,ETHUSDT,bid,2290,4366.286
2024-08-24 07:28:49,ETHUSDT,bid,2290,4364.105
2024-08-24 07:31:38,ETHUSDT,ask,2910,3515.818
2024-08-24 07:32:29,ETHUSDT,ask,2850,5225.954
2024-08-24 07:34:41,ETHUSDT,ask,2850,5225.854
2024-08-24 07:38:14,ETHUSDT,ask,2850,5225.895
2024-08-24 07:40:01,ETHUSDT,ask,2990,3462.098
2024-08-24 07:40:29,ETHUSDT,bid,2270,4429.517
2024-08-24 07:41:02,ETHUSDT,ask,2850,5224.268
2024-08-24 07:41:15,ETHUSDT,ask,2840,3650.762
2024-08-24 07:42:26,ETHUSDT,ask,2840,3650.745
2024-08-24 07:43:16,ETHUSDT,ask,2880,3696.713
2024-08-24 07:45:05,ETHUSDT,ask,2840,3652.745
2024-08-24 07:45:08,ETHUSDT,ask,2850,5226.088
2024-08-24 07:45:22,ETHUSDT,ask,2890,3456.587
2024-08-24 07:45:32,ETHUSDT,ask,2850,5226.08
2024-08-24 07:45:54,ETHUSDT,ask,3030,7758.213
2024-08-24 07:45:58,ETHUSDT,ask,2850,5251.728
2024-08-24 07:47:05,ETHUSDT,ask,3030,7758.203
2024-08-24 07:47:19,ETHUSDT,ask,2850,5252.051
2024-08-24 07:48:05,ETHUSDT,ask,2840,3652.736
2024-08-24 07:50:53,ETHUSDT,ask,2840,3652.76
2024-08-24 07:51:03,ETHUSDT,ask,2850,5252.021
2024-08-24 07:51:24,ETHUSDT,ask,2880,3696.722
2024-08-24 07:52:15,ETHUSDT,ask,2850,5251.224
2024-08-24 07:53:21,ETHUSDT,ask,2850,5259.334
2024-08-24 07:54:20,ETHUSDT,ask,2850,5251.224
2024-08-24 07:55:18,ETHUSDT,ask,2850,5251.038
2024-08-24 07:55:53,ETHUSDT,ask,2850,5251.03
2024-08-24 07:56:16,ETHUSDT,ask,2880,3696.375
2024-08-24 07:57:19,ETHUSDT,ask,2850,5254.576
2024-08-24 07:57:31,ETHUSDT,ask,2880,3695.375
2024-08-24 07:57:43,ETHUSDT,ask,2850,5255.076
2024-08-24 07:58:04,ETHUSDT,ask,2840,3653.666
2024-08-24 07:58:09,ETHUSDT,ask,2840,3653.794
2024-08-24 07:58:09,ETHUSDT,ask,2850,5255.204
2024-08-24 07:58:09,ETHUSDT,ask,2880,3695.503
2024-08-24 07:58:09,ETHUSDT,ask,2990,3462.226
2024-08-24 07:58:15,ETHUSDT,ask,2840,3653.874
2024-08-24 07:58:27,ETHUSDT,ask,2840,3653.794
2024-08-24 07:59:09,ETHUSDT,bid,2200,4589.973
2024-08-24 07:59:34,ETHUSDT,ask,2850,5256.204
2024-08-24 07:59:36,ETHUSDT,ask,2850,5255.888
2024-08-24 08:00:02,ETHUSDT,ask,2840,3653.965
2024-08-24 08:00:02,ETHUSDT,ask,2850,5256.059
2024-08-24 08:00:02,ETHUSDT,ask,2880,3695.674
2024-08-24 08:00:02,ETHUSDT,ask,2990,3462.397
2024-08-24 08:00:22,ETHUSDT,ask,2850,5241.031
2024-08-24 08:00:24,ETHUSDT,ask,2850,5281.031
2024-08-24 08:00:47,ETHUSDT,ask,2850,5281.332
2024-08-24 08:01:08,ETHUSDT,ask,2850,5241.031
2024-08-24 08:01:48,ETHUSDT,ask,2850,5241.331
2024-08-24 08:01:49,ETHUSDT,ask,2880,3695.816
2024-08-24 08:04:27,ETHUSDT,bid,2350,4330.114
2024-08-24 08:05:24,ETHUSDT,ask,2850,5241.394
2024-08-24 08:05:26,ETHUSDT,ask,2850,5241.384
2024-08-24 08:05:27,ETHUSDT,ask,2850,5242.787
2024-08-24 08:05:47,ETHUSDT,ask,2850,5242.836
2024-08-24 08:06:37,ETHUSDT,ask,2850,5242.707
2024-08-24 08:06:40,ETHUSDT,bid,2360,4232.345
2024-08-24 08:06:40,ETHUSDT,ask,2840,3654.018
2024-08-24 08:06:40,ETHUSDT,ask,2890,3456.64
2024-08-24 08:07:47,ETHUSDT,ask,2850,5249.2
2024-08-24 08:09:03,ETHUSDT,ask,2850,5249.21
2024-08-24 08:09:07,ETHUSDT,ask,2850,5249.21
2024-08-24 08:09:51,ETHUSDT,ask,2840,3654.049
2024-08-24 08:09:51,ETHUSDT,ask,2890,3456.67
2024-08-24 08:09:51,ETHUSDT,ask,2990,3462.426
2024-08-24 08:10:32,ETHUSDT,ask,2840,3654.08
2024-08-24 08:10:32,ETHUSDT,ask,2890,3456.7
2024-08-24 08:10:32,ETHUSDT,ask,2990,3462.455
2024-08-24 08:11:05,ETHUSDT,ask,2850,5249.25
2024-08-24 08:11:40,ETHUSDT,ask,2850,5259.25
2024-08-24 08:16:02,ETHUSDT,ask,2840,3645.278
2024-08-24 08:19:26,ETHUSDT,ask,2850,5255.216
2024-08-24 08:23:57,ETHUSDT,ask,2840,3645.205
2024-08-24 08:23:57,ETHUSDT,ask,2850,5254.943
2024-08-24 08:26:33,ETHUSDT,ask,2850,5254.896
2024-08-24 08:27:01,ETHUSDT,ask,2850,5254.888
2024-08-24 08:27:42,ETHUSDT,ask,2850,5254.987
2024-08-24 08:28:24,ETHUSDT,ask,2850,5254.287
2024-08-24 08:29:36,ETHUSDT,ask,2880,3695.878
2024-08-24 08:33:02,ETHUSDT,ask,2850,5254.312
2024-08-24 08:33:28,ETHUSDT,ask,2840,3644.205
2024-08-24 08:34:09,ETHUSDT,ask,2880,3695.868
2024-08-24 08:34:13,ETHUSDT,ask,2850,5254.216
2024-08-24 08:34:56,ETHUSDT,ask,2880,3687.868
2024-08-24 08:35:46,ETHUSDT,ask,2840,3644.197
2024-08-24 08:36:25,ETHUSDT,ask,2850,5258.395
2024-08-24 08:37:57,ETHUSDT,ask,2840,3644.157
2024-08-24 08:37:57,ETHUSDT,ask,2850,5258.355
2024-08-24 08:38:21,ETHUSDT,ask,2850,5258.364
2024-08-24 08:38:39,ETHUSDT,ask,2850,5258.105
2024-08-24 08:38:41,ETHUSDT,ask,2850,5257.735
2024-08-24 08:39:42,ETHUSDT,ask,2850,5258.735
2024-08-24 08:41:57,ETHUSDT,ask,2880,3688.559
2024-08-24 08:42:05,ETHUSDT,ask,2880,3688.562
2024-08-24 08:45:02,ETHUSDT,ask,2850,5258.686
2024-08-24 08:45:05,ETHUSDT,ask,2850,5259.733
2024-08-24 08:46:18,ETHUSDT,ask,2850,5259.692
2024-08-24 08:46:43,ETHUSDT,ask,2840,3644.166
2024-08-24 08:46:57,ETHUSDT,ask,2840,3644.168
2024-08-24 08:47:51,ETHUSDT,ask,2850,5259.517
2024-08-24 08:48:13,ETHUSDT,ask,2850,5259.539
2024-08-24 08:52:02,ETHUSDT,ask,2850,5259.549
2024-08-24 08:52:03,ETHUSDT,ask,2850,5259.539
2024-08-24 08:52:04,ETHUSDT,ask,2850,5259.549
2024-08-24 08:52:16,ETHUSDT,ask,2850,5259.522
2024-08-24 08:54:03,ETHUSDT,ask,2840,3644.749
2024-08-24 08:55:24,ETHUSDT,ask,2850,5260.24
2024-08-24 08:55:38,ETHUSDT,ask,2850,5260.311
2024-08-24 08:57:10,ETHUSDT,bid,1700,6008.291
2024-08-24 08:59:04,ETHUSDT,bid,1700,6008.235
2024-08-24 08:59:23,ETHUSDT,ask,2850,5260.351
2024-08-24 08:59:23,ETHUSDT,ask,2990,3462.495
2024-08-24 09:01:33,ETHUSDT,ask,2850,5260.268
2024-08-24 09:06:13,ETHUSDT,ask,3030,7758.223
2024-08-24 09:06:32,ETHUSDT,bid,2350,4330.166
2024-08-24 09:06:58,ETHUSDT,ask,2840,3644.814
2024-08-24 09:07:22,ETHUSDT,ask,2850,5260.925
2024-08-24 09:07:41,ETHUSDT,ask,2850,5260.935
2024-08-24 09:08:15,ETHUSDT,ask,2850,5260.949
2024-08-24 09:13:35,ETHUSDT,ask,2850,5261.257
2024-08-24 09:14:10,ETHUSDT,bid,2140,4698.324
2024-08-24 09:14:10,ETHUSDT,ask,2840,3644.829
2024-08-24 09:14:10,ETHUSDT,ask,2850,5261.272
2024-08-24 09:14:10,ETHUSDT,ask,2880,3688.577
2024-08-24 09:14:10,ETHUSDT,ask,2990,3462.59
2024-08-24 09:14:55,ETHUSDT,ask,2880,3687.577
2024-08-24 09:16:15,ETHUSDT,ask,2850,5221.272
2024-08-24 09:17:32,ETHUSDT,ask,2850,5221.142
2024-08-24 09:17:53,ETHUSDT,ask,2840,3644.798
2024-08-24 09:17:53,ETHUSDT,ask,2890,3456.67
2024-08-24 09:17:53,ETHUSDT,ask,2990,3462.561
2024-08-24 09:18:24,ETHUSDT,ask,2850,5221.22
2024-08-24 09:18:24,ETHUSDT,ask,2990,3462.639
2024-08-24 09:18:32,ETHUSDT,ask,2850,5222.22
2024-08-24 09:19:03,ETHUSDT,ask,2850,5222.746
2024-08-24 09:19:11,ETHUSDT,ask,2880,3695.577
2024-08-24 09:21:25,ETHUSDT,ask,2840,3644.789
2024-08-24 09:22:06,ETHUSDT,ask,2840,3645.074
2024-08-24 09:22:33,ETHUSDT,ask,2850,5222.518
2024-08-24 09:23:37,ETHUSDT,ask,2850,5222.86
2024-08-24 09:24:56,ETHUSDT,ask,2850,5224.86
2024-08-24 09:25:04,ETHUSDT,bid,2140,4698.309
2024-08-24 09:25:04,ETHUSDT,ask,2840,3645.059
2024-08-24 09:25:04,ETHUSDT,ask,2850,5224.845
2024-08-24 09:25:04,ETHUSDT,ask,2880,3695.562
2024-08-24 09:25:04,ETHUSDT,ask,2990,3462.624
2024-08-24 09:26:17,ETHUSDT,ask,2850,5220.167
2024-08-24 09:28:57,ETHUSDT,ask,2850,5220.667
2024-08-24 09:29:15,ETHUSDT,ask,2850,5213.65
2024-08-24 09:34:40,ETHUSDT,ask,2850,5214.368
2024-08-24 09:36:56,ETHUSDT,ask,2850,5216.243
2024-08-24 09:37:28,ETHUSDT,ask,2850,5215.963
2024-08-24 09:37:51,ETHUSDT,ask,2850,5214.963
2024-08-24 09:38:35,ETHUSDT,ask,2850,5215.029
2024-08-24 09:39:47,ETHUSDT,ask,2850,5216.096
2024-08-24 09:40:09,ETHUSDT,ask,2850,5215.906
2024-08-24 09:40:09,ETHUSDT,ask,2880,3695.752
2024-08-24 09:41:27,ETHUSDT,ask,2850,5216.401
2024-08-24 09:44:23,ETHUSDT,ask,2850,5216.601
2024-08-24 09:45:22,ETHUSDT,ask,2850,5196.216
2024-08-24 09:45:22,ETHUSDT,ask,2850,5196.266
2024-08-24 09:46:55,ETHUSDT,ask,2850,5196.066
2024-08-24 09:48:37,ETHUSDT,ask,2880,3696.137
2024-08-24 09:48:49,ETHUSDT,ask,2850,5196.074
2024-08-24 09:49:57,ETHUSDT,ask,2840,3645.071
2024-08-24 09:49:57,ETHUSDT,ask,2990,3462.635
2024-08-24 09:50:33,ETHUSDT,ask,2850,5193.827
2024-08-24 09:52:16,ETHUSDT,ask,2840,3645.489
2024-08-24 09:52:16,ETHUSDT,ask,2890,3457.08
2024-08-24 09:58:26,ETHUSDT,ask,2850,5197.953
2024-08-24 09:59:15,ETHUSDT,ask,2850,5197.945
2024-08-24 09:59:23,ETHUSDT,ask,2840,3645.539
2024-08-24 09:59:23,ETHUSDT,ask,2990,3462.685
2024-08-24 09:59:26,ETHUSDT,ask,2850,5198.445
2024-08-24 09:59:29,ETHUSDT,ask,2840,3644.539
2024-08-24 09:59:52,ETHUSDT,bid,1960,5159.095
2024-08-24 09:59:52,ETHUSDT,bid,2140,4698.285
2024-08-24 10:00:19,ETHUSDT,ask,2850,5212.461
2024-08-24 10:00:38,ETHUSDT,ask,2880,3696.161
2024-08-24 10:05:03,ETHUSDT,ask,3030,7758.85
2024-08-24 10:05:56,ETHUSDT,ask,2850,5213.162
2024-08-24 10:10:02,ETHUSDT,ask,3030,7758.223
2024-08-24 10:13:47,ETHUSDT,ask,2850,5208.983
2024-08-24 10:13:51,ETHUSDT,ask,2850,5209.383
2024-08-24 10:17:45,ETHUSDT,ask,2850,5210.383
2024-08-24 10:17:47,ETHUSDT,ask,2850,5211.383
2024-08-24 10:17:53,ETHUSDT,ask,2850,5210.383
2024-08-24 10:21:23,ETHUSDT,ask,2850,5210.416
2024-08-24 10:21:29,ETHUSDT,ask,2850,5210.408
2024-08-24 10:21:34,ETHUSDT,ask,2850,5210.846
2024-08-24 10:22:13,ETHUSDT,ask,2850,5211.594
2024-08-24 10:23:09,ETHUSDT,ask,2850,5211.619
2024-08-24 10:24:43,ETHUSDT,ask,2850,5210.871
2024-08-24 10:25:15,ETHUSDT,ask,2840,3644.537
2024-08-24 10:26:17,ETHUSDT,ask,2850,5211.572
2024-08-24 10:26:18,ETHUSDT,ask,2840,3644.564
2024-08-24 10:27:43,ETHUSDT,ask,2850,5211.745
2024-08-24 10:27:49,ETHUSDT,ask,2850,5213.763
2024-08-24 10:28:11,ETHUSDT,ask,2850,5213.773
2024-08-24 10:28:12,ETHUSDT,ask,2850,5213.763
2024-08-24 10:28:13,ETHUSDT,ask,2850,5213.773
2024-08-24 10:28:15,ETHUSDT,ask,2850,5213.763
2024-08-24 10:28:16,ETHUSDT,ask,2850,5213.773
2024-08-24 10:28:17,ETHUSDT,ask,2850,5213.763
2024-08-24 10:28:18,ETHUSDT,ask,2850,5213.773
2024-08-24 10:28:20,ETHUSDT,ask,2850,5213.763
2024-08-24 10:28:20,ETHUSDT,ask,2850,5213.773
2024-08-24 10:28:22,ETHUSDT,ask,2850,5213.763
2024-08-24 10:28:23,ETHUSDT,ask,2850,5213.773
2024-08-24 10:28:24,ETHUSDT,ask,2850,5213.763
2024-08-24 10:28:25,ETHUSDT,ask,2850,5213.773
2024-08-24 10:28:27,ETHUSDT,ask,2850,5213.763
2024-08-24 10:28:27,ETHUSDT,ask,2850,5213.773
2024-08-24 10:28:29,ETHUSDT,ask,2850,5213.763
2024-08-24 10:28:30,ETHUSDT,ask,2850,5213.773
2024-08-24 10:28:32,ETHUSDT,ask,2850,5213.763
2024-08-24 10:28:33,ETHUSDT,ask,2850,5213.773
2024-08-24 10:28:34,ETHUSDT,ask,2850,5213.763
2024-08-24 10:28:35,ETHUSDT,ask,2850,5213.773
2024-08-24 10:28:36,ETHUSDT,ask,2850,5213.763
2024-08-24 10:30:05,ETHUSDT,ask,2880,3696.185
2024-08-24 10:30:46,ETHUSDT,ask,2850,5214.409
2024-08-24 10:32:50,ETHUSDT,bid,2350,4330.114
2024-08-24 10:33:19,ETHUSDT,bid,1700,6008.221
2024-08-24 10:33:45,ETHUSDT,ask,2850,5213.295
2024-08-24 10:35:21,ETHUSDT,ask,2850,5228.295
2024-08-24 10:35:41,ETHUSDT,ask,2840,3644.686
2024-08-24 10:35:55,ETHUSDT,ask,2850,5228.011
2024-08-24 10:36:10,ETHUSDT,ask,2850,5229.011
2024-08-24 10:36:41,ETHUSDT,ask,2850,5230.063
2024-08-24 10:39:23,ETHUSDT,bid,1700,6008.235
2024-08-24 10:39:23,ETHUSDT,ask,2850,5230.077
2024-08-24 10:41:31,ETHUSDT,ask,2850,5231.831
2024-08-24 10:42:31,ETHUSDT,ask,2850,5231.489
2024-08-24 10:47:17,ETHUSDT,ask,2850,5231.67
2024-08-24 10:48:04,ETHUSDT,ask,2850,5228.67
2024-08-24 10:48:49,ETHUSDT,ask,2840,3644.548
2024-08-24 10:51:19,ETHUSDT,ask,2850,5263.17
2024-08-24 10:51:25,ETHUSDT,ask,2850,5258.67
2024-08-24 10:55:36,ETHUSDT,ask,2840,3644.478
2024-08-24 10:56:39,ETHUSDT,ask,2850,5258.809
2024-08-24 10:56:56,ETHUSDT,ask,2840,3644.351
2024-08-24 10:57:41,ETHUSDT,ask,2850,5260.809
2024-08-24 10:58:56,ETHUSDT,ask,2850,5260.409
2024-08-24 11:00:48,ETHUSDT,ask,2850,5260.418
2024-08-24 11:01:41,ETHUSDT,ask,2850,5260.348
2024-08-24 11:05:23,ETHUSDT,ask,2840,3644.383
2024-08-24 11:07:35,ETHUSDT,ask,2840,3643.68
2024-08-24 11:11:57,ETHUSDT,ask,2850,5260.364
2024-08-24 11:14:43,ETHUSDT,ask,2850,5260.21
2024-08-24 11:16:01,ETHUSDT,ask,2850,5260.31
2024-08-24 11:16:33,ETHUSDT,ask,2850,5255.625
2024-08-24 11:18:11,ETHUSDT,ask,2850,5255.669
2024-08-24 11:19:40,ETHUSDT,ask,2850,5255.817
2024-08-24 11:20:37,ETHUSDT,ask,2840,3643.702
2024-08-24 11:20:37,ETHUSDT,ask,2850,5255.831
2024-08-24 11:20:37,ETHUSDT,ask,2880,3696.199
2024-08-24 11:20:37,ETHUSDT,ask,2990,3462.699
2024-08-24 11:20:59,ETHUSDT,ask,2840,3643.727
2024-08-24 11:20:59,ETHUSDT,ask,2880,3696.223
2024-08-24 11:25:27,ETHUSDT,ask,2850,5255.875
2024-08-24 11:28:17,ETHUSDT,ask,2850,5256.048
2024-08-24 11:29:21,ETHUSDT,ask,2850,5255.522
2024-08-24 11:30:06,ETHUSDT,ask,2850,5263.435
2024-08-24 11:30:06,ETHUSDT,ask,2850,5263.421
2024-08-24 11:32:01,ETHUSDT,ask,2850,5263.248
2024-08-24 11:32:10,ETHUSDT,ask,2840,3643.702
2024-08-24 11:32:10,ETHUSDT,ask,2880,3696.199
2024-08-24 11:34:07,ETHUSDT,ask,2850,5263.198
2024-08-24 11:36:12,ETHUSDT,bid,2360,4274.664
2024-08-24 11:37:05,ETHUSDT,ask,2850,5263.188
2024-08-24 11:39:58,ETHUSDT,ask,2840,3643.714
2024-08-24 11:39:58,ETHUSDT,ask,2850,5263.2
2024-08-24 11:39:58,ETHUSDT,ask,2880,3696.211
2024-08-24 11:39:58,ETHUSDT,ask,2990,3462.711
2024-08-24 11:40:38,ETHUSDT,ask,2850,5263.076
2024-08-24 11:43:24,ETHUSDT,ask,2850,5263.068
2024-08-24 11:44:36,ETHUSDT,ask,2850,5263.03
2024-08-24 11:45:04,ETHUSDT,ask,2880,3696.241
2024-08-24 11:46:38,ETHUSDT,ask,2840,3643.724
2024-08-24 11:46:38,ETHUSDT,ask,2880,3696.251
2024-08-24 11:49:41,ETHUSDT,ask,2880,3696.221
2024-08-24 11:56:11,ETHUSDT,ask,2840,3643.671
2024-08-24 11:56:11,ETHUSDT,ask,2850,5262.977
2024-08-24 11:56:11,ETHUSDT,ask,2880,3696.168
2024-08-24 11:56:51,ETHUSDT,ask,2850,5262.968
2024-08-24 11:57:36,ETHUSDT,bid,2140,4698.212
2024-08-24 11:57:36,ETHUSDT,ask,2840,3643.598
2024-08-24 11:57:36,ETHUSDT,ask,2850,5262.895
2024-08-24 11:57:36,ETHUSDT,ask,2880,3696.095
2024-08-24 11:57:36,ETHUSDT,ask,2990,3462.638
2024-08-24 11:58:25,ETHUSDT,ask,2840,3643.608
2024-08-24 11:58:56,ETHUSDT,ask,2840,3643.585
2024-08-24 11:58:56,ETHUSDT,ask,2850,5262.872
2024-08-24 11:58:56,ETHUSDT,ask,2880,3696.072
2024-08-24 11:59:27,ETHUSDT,ask,2910,3455.818
2024-08-24 11:59:52,ETHUSDT,ask,2850,5262.052
2024-08-24 12:00:11,ETHUSDT,ask,2840,3643.601
2024-08-24 12:00:49,ETHUSDT,ask,2840,3643.61
2024-08-24 12:01:01,ETHUSDT,ask,2880,3696.723
2024-08-24 12:01:49,ETHUSDT,ask,2850,5261.35
2024-08-24 12:02:10,ETHUSDT,ask,2840,3645.742
2024-08-24 12:02:53,ETHUSDT,ask,2840,3648.558
2024-08-24 12:03:04,ETHUSDT,ask,2850,5261.392
2024-08-24 12:05:52,ETHUSDT,ask,2840,3648.43
2024-08-24 12:05:52,ETHUSDT,ask,2850,5261.264
2024-08-24 12:05:52,ETHUSDT,ask,2880,3696.595
2024-08-24 12:05:52,ETHUSDT,ask,2990,3462.51
2024-08-24 12:06:22,ETHUSDT,ask,2840,3646.298
2024-08-24 12:07:54,ETHUSDT,ask,2840,3643.482
2024-08-24 12:08:49,ETHUSDT,ask,2850,5261.253
2024-08-24 12:09:46,ETHUSDT,ask,2850,5260.945
2024-08-24 12:13:25,ETHUSDT,ask,2880,3695.595
2024-08-24 12:13:51,ETHUSDT,ask,2850,5265.445
2024-08-24 12:14:37,ETHUSDT,ask,2850,5260.945
2024-08-24 12:15:09,ETHUSDT,ask,2850,5265.445
2024-08-24 12:15:14,ETHUSDT,ask,2850,5260.945
2024-08-24 12:17:10,ETHUSDT,ask,2850,5261.073
2024-08-24 12:18:56,ETHUSDT,ask,2840,3633.23
2024-08-24 12:19:07,ETHUSDT,ask,2840,3633.221
2024-08-24 12:19:12,ETHUSDT,ask,2850,5261.083
2024-08-24 12:19:13,ETHUSDT,ask,2850,5261.073
2024-08-24 12:20:28,ETHUSDT,ask,2880,3695.611
2024-08-24 12:21:26,ETHUSDT,ask,2850,5260.026
2024-08-24 12:22:10,ETHUSDT,ask,2840,3635.221
2024-08-24 12:22:13,ETHUSDT,ask,2850,5262.026
2024-08-24 12:22:21,ETHUSDT,ask,2880,3697.611
2024-08-24 12:23:43,ETHUSDT,ask,2850,5261.253
2024-08-24 12:24:58,ETHUSDT,ask,2850,5261.263
2024-08-24 12:24:59,ETHUSDT,ask,2850,5261.253
2024-08-24 12:25:30,ETHUSDT,ask,2850,5261.263
2024-08-24 12:25:31,ETHUSDT,ask,2850,5261.253
2024-08-24 12:25:32,ETHUSDT,ask,2850,5261.263
2024-08-24 12:25:33,ETHUSDT,ask,2850,5261.253
2024-08-24 12:26:40,ETHUSDT,ask,2840,3635.209
2024-08-24 12:26:40,ETHUSDT,ask,2880,3697.599
2024-08-24 12:29:27,ETHUSDT,ask,2850,5261.125
2024-08-24 12:30:13,ETHUSDT,ask,2850,5253.212
2024-08-24 12:30:51,ETHUSDT,bid,2350,4329.69
2024-08-24 12:32:36,ETHUSDT,ask,2850,5260.562
2024-08-24 12:34:22,ETHUSDT,ask,2840,3635.194
2024-08-24 12:37:18,ETHUSDT,ask,2850,5260.212
2024-08-24 12:40:47,ETHUSDT,ask,2840,3635.264
2024-08-24 12:40:47,ETHUSDT,ask,2850,5260.282
2024-08-24 12:44:24,ETHUSDT,ask,2850,5260.41
2024-08-24 12:48:59,ETHUSDT,ask,2840,3635.32
2024-08-24 12:48:59,ETHUSDT,ask,2850,5260.466
2024-08-24 12:48:59,ETHUSDT,ask,2880,3697.655
2024-08-24 12:49:29,ETHUSDT,ask,2850,5261.167
2024-08-24 12:50:00,ETHUSDT,ask,2850,5261.177
2024-08-24 12:50:01,ETHUSDT,ask,2850,5261.167
2024-08-24 12:50:02,ETHUSDT,ask,2850,5261.177
2024-08-24 12:50:04,ETHUSDT,ask,2850,5261.167
2024-08-24 12:50:34,ETHUSDT,ask,2850,5261.177
2024-08-24 12:50:35,ETHUSDT,ask,2850,5261.167
2024-08-24 12:50:36,ETHUSDT,ask,2850,5261.177
2024-08-24 12:50:37,ETHUSDT,ask,2850,5261.167
2024-08-24 12:50:38,ETHUSDT,ask,2850,5261.177
2024-08-24 12:50:40,ETHUSDT,ask,2850,5261.167
2024-08-24 12:50:41,ETHUSDT,ask,2850,5261.177
2024-08-24 12:51:32,ETHUSDT,ask,2850,5261.207
2024-08-24 12:51:32,ETHUSDT,ask,2990,3462.55
2024-08-24 12:52:34,ETHUSDT,ask,2850,5226.122
2024-08-24 12:53:02,ETHUSDT,ask,2850,5225.994
2024-08-24 12:54:02,ETHUSDT,ask,2850,5225.819
2024-08-24 12:55:50,ETHUSDT,ask,2850,5225.836
2024-08-24 12:56:11,ETHUSDT,ask,2880,3697.465
2024-08-24 12:57:24,ETHUSDT,ask,2850,5228.836
2024-08-24 12:59:17,ETHUSDT,ask,2850,5228.796
2024-08-24 12:59:17,ETHUSDT,ask,2990,3462.51
2024-08-24 13:03:03,ETHUSDT,ask,2850,5228.804
2024-08-24 13:03:22,ETHUSDT,ask,2850,5229.154
2024-08-24 13:03:48,ETHUSDT,ask,2850,5229.074
2024-08-24 13:03:48,ETHUSDT,ask,2990,3462.43
2024-08-24 13:04:13,ETHUSDT,ask,2850,5228.574
2024-08-24 13:05:59,ETHUSDT,ask,2850,5228.534
2024-08-24 13:05:59,ETHUSDT,ask,2990,3462.39
2024-08-24 13:07:26,ETHUSDT,ask,3090,3236.533
2024-08-24 13:09:34,ETHUSDT,ask,2880,3697.449
2024-08-24 13:10:15,ETHUSDT,bid,1960,5159.08
2024-08-24 13:11:22,ETHUSDT,ask,2850,5228.614
2024-08-24 13:11:22,ETHUSDT,ask,2990,3462.47
2024-08-24 13:12:03,ETHUSDT,ask,2880,3697.458
2024-08-24 13:13:11,ETHUSDT,ask,2840,3674.012
2024-08-24 13:15:40,ETHUSDT,ask,2850,5221.264
2024-08-24 13:15:47,ETHUSDT,ask,2850,5221.764
2024-08-24 13:15:48,ETHUSDT,ask,2880,3697.769
2024-08-24 13:15:55,ETHUSDT,bid,2140,4698.987
2024-08-24 13:15:57,ETHUSDT,ask,2850,5222.054
2024-08-24 13:17:07,ETHUSDT,ask,2850,5221.054
2024-08-24 13:17:54,ETHUSDT,ask,2850,5220.988
2024-08-24 13:18:11,ETHUSDT,ask,2840,3638.841
2024-08-24 13:18:20,ETHUSDT,ask,2840,3638.785
2024-08-24 13:18:20,ETHUSDT,ask,2850,5220.932
2024-08-24 13:18:20,ETHUSDT,ask,2880,3697.713
2024-08-24 13:18:50,ETHUSDT,ask,2850,5223.84
2024-08-24 13:20:35,ETHUSDT,ask,2850,5223.913
2024-08-24 13:23:38,ETHUSDT,ask,2850,5223.925
2024-08-24 13:25:33,ETHUSDT,ask,3030,7758.233
2024-08-24 13:25:34,ETHUSDT,ask,3030,7758.243
2024-08-24 13:25:58,ETHUSDT,ask,2850,5223.845
2024-08-24 13:25:58,ETHUSDT,ask,2990,3462.39
2024-08-24 13:26:36,ETHUSDT,ask,3030,7758.223
2024-08-24 13:28:08,ETHUSDT,ask,2850,5223.945
2024-08-24 13:28:37,ETHUSDT,ask,2840,3638.885
2024-08-24 13:28:43,ETHUSDT,ask,2990,3462.357
2024-08-24 13:31:02,ETHUSDT,ask,2850,5223.91
2024-08-24 13:31:51,ETHUSDT,ask,2850,5223.7
2024-08-24 13:32:02,ETHUSDT,ask,2850,5224.7
2024-08-24 13:32:09,ETHUSDT,ask,2850,5224.709
2024-08-24 13:32:58,ETHUSDT,ask,2850,5224.789
2024-08-24 13:33:18,ETHUSDT,ask,3030,7758.233
2024-08-24 13:33:28,ETHUSDT,ask,2850,5226.006
2024-08-24 13:33:52,ETHUSDT,ask,3030,7758.223
2024-08-24 13:34:20,ETHUSDT,ask,2850,5225.994
2024-08-24 13:35:18,ETHUSDT,ask,2850,5226.097
2024-08-24 13:37:37,ETHUSDT,ask,2850,5226.114
2024-08-24 13:37:38,ETHUSDT,bid,2250,4443.545
2024-08-24 13:38:05,ETHUSDT,ask,3030,7758.233
2024-08-24 13:38:09,ETHUSDT,ask,3030,7758.253
2024-08-24 13:38:57,ETHUSDT,ask,3030,7758.243
2024-08-24 13:38:58,ETHUSDT,ask,3030,7758.233
2024-08-24 13:39:56,ETHUSDT,ask,2850,5226.117
2024-08-24 13:41:57,ETHUSDT,ask,2850,5226.105
2024-08-24 13:42:01,ETHUSDT,ask,2850,5226.027
2024-08-24 13:42:01,ETHUSDT,ask,2990,3462.279
2024-08-24 13:42:19,ETHUSDT,ask,2850,5229.253
2024-08-24 13:45:27,ETHUSDT,ask,2880,3698.185
2024-08-24 13:45:40,ETHUSDT,ask,2850,5229.269
2024-08-24 13:46:31,ETHUSDT,bid,1960,5159.029
2024-08-24 13:48:25,ETHUSDT,ask,2880,3698.185
2024-08-24 13:53:29,ETHUSDT,ask,2850,5229.375
2024-08-24 13:54:38,ETHUSDT,ask,2850,5229.41
2024-08-24 13:57:51,ETHUSDT,bid,1960,5159.046
2024-08-24 13:57:51,ETHUSDT,ask,2840,3638.902
2024-08-24 13:57:51,ETHUSDT,ask,2880,3698.202
2024-08-24 13:58:49,ETHUSDT,ask,2850,5229.32
2024-08-24 14:00:49,ETHUSDT,ask,2890,3457.681
2024-08-24 14:03:08,ETHUSDT,ask,2850,5229.72
2024-08-24 14:04:46,ETHUSDT,ask,2840,3680.402
2024-08-24 14:05:18,ETHUSDT,ask,2850,5229.762
2024-08-24 14:05:48,ETHUSDT,ask,3030,7758.243
2024-08-24 14:06:26,ETHUSDT,ask,3030,7758.233
2024-08-24 14:06:31,ETHUSDT,ask,3030,7758.223
2024-08-24 14:07:18,ETHUSDT,ask,3030,7758.233
2024-08-24 14:07:18,ETHUSDT,ask,3030,7758.243
2024-08-24 14:07:18,ETHUSDT,ask,3030,7758.253
2024-08-24 14:07:19,ETHUSDT,ask,3030,7758.263
2024-08-24 14:07:35,ETHUSDT,ask,2850,5239.762
2024-08-24 14:08:14,ETHUSDT,ask,3030,7758.253
2024-08-24 14:08:14,ETHUSDT,ask,3030,7758.243
2024-08-24 14:08:14,ETHUSDT,ask,3030,7758.233
2024-08-24 14:08:15,ETHUSDT,ask,3030,7758.223
2024-08-24 14:09:54,ETHUSDT,ask,2850,5240.321
2024-08-24 14:10:23,ETHUSDT,ask,2840,3680.454
2024-08-24 14:11:46,ETHUSDT,ask,2850,5237.095
2024-08-24 14:11:53,ETHUSDT,ask,2850,5254.638
2024-08-24 14:12:48,ETHUSDT,ask,2850,5254.501
2024-08-24 14:12:54,ETHUSDT,ask,2840,3680.504
2024-08-24 14:13:03,ETHUSDT,ask,2880,3698.252
2024-08-24 14:13:31,ETHUSDT,bid,2200,4589.928
2024-08-24 14:14:29,ETHUSDT,ask,2880,3695.516
2024-08-24 14:16:54,ETHUSDT,ask,3030,7758.233
2024-08-24 14:16:55,ETHUSDT,ask,3030,7758.243
2024-08-24 14:17:28,ETHUSDT,ask,2850,5254.544
2024-08-24 14:17:40,ETHUSDT,ask,3030,7758.233
2024-08-24 14:17:42,ETHUSDT,ask,3030,7758.223
2024-08-24 14:17:46,ETHUSDT,ask,2890,3461.407
2024-08-24 14:20:19,ETHUSDT,ask,2850,5257.011
2024-08-24 14:20:24,ETHUSDT,ask,2850,5254.544
2024-08-24 14:20:44,ETHUSDT,bid,1700,6006.754
2024-08-24 14:21:34,ETHUSDT,ask,2850,5254.444
2024-08-24 14:25:37,ETHUSDT,ask,2850,5255.221
2024-08-24 14:26:12,ETHUSDT,ask,2840,3680.2
2024-08-24 14:26:41,ETHUSDT,bid,2360,4274.654
2024-08-24 14:27:39,ETHUSDT,ask,2990,3458.154
2024-08-24 14:28:11,ETHUSDT,ask,2850,5255.356
2024-08-24 14:28:26,ETHUSDT,ask,2850,5254.686
2024-08-24 14:31:09,ETHUSDT,ask,2850,5254.127
2024-08-24 14:32:32,ETHUSDT,ask,2850,5254.018
2024-08-24 14:32:37,ETHUSDT,ask,2850,5255.018
2024-08-24 14:33:02,ETHUSDT,bid,2140,4698.197
2024-08-24 14:34:31,ETHUSDT,ask,2850,5258.32
2024-08-24 14:35:05,ETHUSDT,ask,2840,3678.7
2024-08-24 14:38:19,ETHUSDT,ask,2850,5256.32
2024-08-24 14:39:56,ETHUSDT,ask,2840,3678.732
2024-08-24 14:40:06,ETHUSDT,ask,2840,3678.7
2024-08-24 14:40:11,ETHUSDT,ask,2850,5256.639
2024-08-24 14:40:28,ETHUSDT,ask,3030,7758.243
2024-08-24 14:40:28,ETHUSDT,ask,3030,7758.25
2024-08-24 14:40:31,ETHUSDT,ask,3030,7758.23
2024-08-24 14:40:35,ETHUSDT,ask,3030,7758.237
2024-08-24 14:40:36,ETHUSDT,ask,3030,7758.244
2024-08-24 14:40:36,ETHUSDT,ask,3030,7758.251
2024-08-24 14:40:36,ETHUSDT,ask,3030,7758.258
2024-08-24 14:40:37,ETHUSDT,ask,3030,7758.265
2024-08-24 14:40:38,ETHUSDT,ask,3030,7758.265
2024-08-24 14:40:39,ETHUSDT,ask,3030,7758.281
2024-08-24 14:40:39,ETHUSDT,ask,3030,7758.297
2024-08-24 14:40:40,ETHUSDT,ask,3030,7758.313
2024-08-24 14:40:40,ETHUSDT,ask,3030,7758.329
2024-08-24 14:40:41,ETHUSDT,ask,3030,7758.336
2024-08-24 14:40:41,ETHUSDT,ask,3030,7758.343
2024-08-24 14:40:42,ETHUSDT,ask,3030,7758.35
2024-08-24 14:40:42,ETHUSDT,ask,3030,7758.357
2024-08-24 14:40:43,ETHUSDT,ask,3030,7758.364
2024-08-24 14:40:44,ETHUSDT,ask,3030,7758.364
2024-08-24 14:40:45,ETHUSDT,ask,3030,7758.364
2024-08-24 14:40:45,ETHUSDT,ask,3030,7758.364
2024-08-24 14:40:45,ETHUSDT,ask,3030,7758.364
2024-08-24 14:40:45,ETHUSDT,ask,3030,7758.364
2024-08-24 14:40:47,ETHUSDT,ask,3030,7758.357
2024-08-24 14:40:50,ETHUSDT,ask,3030,7758.35
2024-08-24 14:40:50,ETHUSDT,ask,3030,7758.343
2024-08-24 14:40:51,ETHUSDT,ask,3030,7758.336
2024-08-24 14:40:51,ETHUSDT,ask,3030,7758.329
2024-08-24 14:40:52,ETHUSDT,ask,3030,7758.322
2024-08-24 14:40:54,ETHUSDT,ask,3030,7758.308
2024-08-24 14:40:54,ETHUSDT,ask,3030,7758.301
2024-08-24 14:40:54,ETHUSDT,ask,3030,7758.294
2024-08-24 14:40:54,ETHUSDT,ask,3030,7758.287
2024-08-24 14:41:02,ETHUSDT,ask,2840,3678.711
2024-08-24 14:41:02,ETHUSDT,ask,2850,5256.65
2024-08-24 14:41:02,ETHUSDT,ask,2880,3695.585
2024-08-24 14:41:02,ETHUSDT,ask,2990,3458.165
2024-08-24 14:41:10,ETHUSDT,ask,3030,7758.407
2024-08-24 14:41:10,ETHUSDT,ask,3030,7758.444
2024-08-24 14:41:10,ETHUSDT,ask,3030,7758.581
2024-08-24 14:41:10,ETHUSDT,ask,3030,7758.648
2024-08-24 14:41:10,ETHUSDT,ask,3030,7758.658
2024-08-24 14:41:10,ETHUSDT,ask,3030,7758.665
2024-08-24 14:41:11,ETHUSDT,ask,3030,7758.672
2024-08-24 14:41:12,ETHUSDT,ask,3030,7758.679
2024-08-24 14:41:13,ETHUSDT,ask,3030,7758.686
2024-08-24 14:41:13,ETHUSDT,ask,3030,7758.693
2024-08-24 14:41:13,ETHUSDT,ask,3030,7758.7
2024-08-24 14:41:14,ETHUSDT,ask,3030,7758.707
2024-08-24 14:41:15,ETHUSDT,ask,3030,7758.714
2024-08-24 14:41:16,ETHUSDT,ask,3030,7758.634
2024-08-24 14:41:16,ETHUSDT,ask,3030,7758.504
2024-08-24 14:41:16,ETHUSDT,ask,3030,7758.364
2024-08-24 14:41:18,ETHUSDT,ask,3030,7758.357
2024-08-24 14:41:18,ETHUSDT,ask,3030,7758.35
2024-08-24 14:41:18,ETHUSDT,ask,3030,7758.343
2024-08-24 14:41:19,ETHUSDT,ask,3030,7758.336
2024-08-24 14:41:19,ETHUSDT,ask,3030,7758.329
2024-08-24 14:41:20,ETHUSDT,ask,3030,7758.322
2024-08-24 14:41:21,ETHUSDT,ask,3030,7758.315
2024-08-24 14:41:21,ETHUSDT,ask,3030,7758.308
2024-08-24 14:41:21,ETHUSDT,ask,3030,7758.301
2024-08-24 14:41:21,ETHUSDT,ask,3030,7758.294
2024-08-24 14:41:23,ETHUSDT,ask,3030,7758.287
2024-08-24 14:44:49,ETHUSDT,ask,2850,5266.607
2024-08-24 14:44:52,ETHUSDT,ask,2850,5266.991
2024-08-24 14:46:09,ETHUSDT,ask,3030,7758.297
2024-08-24 14:46:29,ETHUSDT,ask,2850,5252.975
2024-08-24 14:46:43,ETHUSDT,ask,2880,3695.46
2024-08-24 14:47:14,ETHUSDT,ask,2850,5253.062
2024-08-24 14:47:16,ETHUSDT,ask,3030,7758.287
2024-08-24 14:47:28,ETHUSDT,ask,2990,3460.929
2024-08-24 14:49:28,ETHUSDT,ask,3030,7758.297
2024-08-24 14:49:30,ETHUSDT,ask,3030,7758.307
2024-08-24 14:49:31,ETHUSDT,ask,2880,3694.766
2024-08-24 14:49:33,ETHUSDT,ask,2850,5253.188
2024-08-24 14:49:41,ETHUSDT,ask,2850,5253.088
2024-08-24 14:49:54,ETHUSDT,ask,3030,7758.317
2024-08-24 14:49:55,ETHUSDT,ask,3030,7758.327
2024-08-24 14:49:55,ETHUSDT,ask,3030,7758.341
2024-08-24 14:49:56,ETHUSDT,ask,3030,7758.348
2024-08-24 14:49:56,ETHUSDT,ask,3030,7758.365
2024-08-24 14:50:01,ETHUSDT,ask,3030,7758.372
2024-08-24 14:50:01,ETHUSDT,ask,3030,7758.386
2024-08-24 14:50:01,ETHUSDT,ask,3030,7758.393
2024-08-24 14:50:01,ETHUSDT,ask,3030,7758.4
2024-08-24 14:50:04,ETHUSDT,ask,3030,7758.386
2024-08-24 14:50:05,ETHUSDT,ask,3030,7758.379
2024-08-24 14:50:05,ETHUSDT,ask,3030,7758.372
2024-08-24 14:50:10,ETHUSDT,ask,3030,7758.365
2024-08-24 14:50:10,ETHUSDT,ask,3030,7758.351
2024-08-24 14:50:11,ETHUSDT,ask,3030,7758.337
2024-08-24 14:50:20,ETHUSDT,ask,2880,3695.46
2024-08-24 14:50:24,ETHUSDT,ask,2880,3695.318
2024-08-24 14:50:24,ETHUSDT,ask,3030,7758.327
2024-08-24 14:50:24,ETHUSDT,ask,3030,7758.317
2024-08-24 14:50:39,ETHUSDT,ask,3030,7758.301
2024-08-24 14:50:40,ETHUSDT,ask,3030,7758.285
2024-08-24 14:50:40,ETHUSDT,ask,3030,7758.269
2024-08-24 14:50:40,ETHUSDT,ask,3030,7758.253
2024-08-24 14:50:49,ETHUSDT,ask,3030,7758.243
2024-08-24 14:50:50,ETHUSDT,ask,3030,7758.233
2024-08-24 14:50:51,ETHUSDT,ask,3030,7758.223
2024-08-24 14:54:37,ETHUSDT,ask,2850,5254.179
2024-08-24 14:55:49,ETHUSDT,ask,2850,5254.254
2024-08-24 14:56:05,ETHUSDT,ask,2850,5253.113
2024-08-24 14:57:30,ETHUSDT,ask,2880,3695.305
2024-08-24 15:00:15,ETHUSDT,ask,3030,7758.233
2024-08-24 15:00:16,ETHUSDT,ask,3030,7758.243
2024-08-24 15:00:57,ETHUSDT,ask,2760,3676.937
2024-08-24 15:00:58,ETHUSDT,ask,2760,3675.863
2024-08-24 15:00:59,ETHUSDT,ask,2760,3700.336
2024-08-24 15:00:59,ETHUSDT,ask,3030,7758.233
2024-08-24 15:00:59,ETHUSDT,ask,3030,7758.223
2024-08-24 15:01:00,ETHUSDT,ask,2760,3674.336
2024-08-24 15:01:04,ETHUSDT,ask,2760,3676.932
2024-08-24 15:01:06,ETHUSDT,ask,2760,3678.127
2024-08-24 15:02:44,ETHUSDT,ask,2850,5253.842
2024-08-24 15:03:12,ETHUSDT,ask,2850,5252.751
2024-08-24 15:05:06,ETHUSDT,ask,2850,5254.751
2024-08-24 15:06:01,ETHUSDT,ask,2850,5252.751
2024-08-24 15:07:44,ETHUSDT,ask,2840,3680.823
2024-08-24 15:08:25,ETHUSDT,ask,3030,7758.233
2024-08-24 15:08:26,ETHUSDT,ask,3030,7758.243
2024-08-24 15:08:27,ETHUSDT,ask,3030,7758.253
2024-08-24 15:08:28,ETHUSDT,ask,3030,7758.263
2024-08-24 15:08:28,ETHUSDT,ask,3030,7758.273
2024-08-24 15:08:35,ETHUSDT,ask,3030,7758.293
2024-08-24 15:08:38,ETHUSDT,ask,3030,7758.303
2024-08-24 15:09:10,ETHUSDT,ask,3030,7758.293
2024-08-24 15:09:10,ETHUSDT,ask,3030,7758.283
2024-08-24 15:09:16,ETHUSDT,ask,3030,7758.273
2024-08-24 15:09:18,ETHUSDT,ask,2840,3680.833
2024-08-24 15:09:18,ETHUSDT,ask,2850,5252.761
2024-08-24 15:09:19,ETHUSDT,ask,3030,7758.263
2024-08-24 15:09:19,ETHUSDT,ask,3030,7758.253
2024-08-24 15:09:26,ETHUSDT,ask,3030,7758.263
2024-08-24 15:09:28,ETHUSDT,ask,3030,7758.253
2024-08-24 15:09:29,ETHUSDT,ask,3030,7758.243
2024-08-24 15:09:30,ETHUSDT,ask,3030,7758.233
2024-08-24 15:10:14,ETHUSDT,ask,3030,7758.223
2024-08-24 15:10:39,ETHUSDT,ask,2850,5252.821
2024-08-24 15:10:54,ETHUSDT,ask,2850,5252.715
2024-08-24 15:14:59,ETHUSDT,ask,2850,5252.014
2024-08-24 15:21:09,ETHUSDT,ask,2850,5251.614
2024-08-24 15:21:32,ETHUSDT,ask,2840,3682.645
2024-08-24 15:24:02,ETHUSDT,ask,2850,5262.223
2024-08-24 15:24:08,ETHUSDT,ask,2850,5263.232
2024-08-24 15:27:11,ETHUSDT,ask,2840,3680.833
2024-08-24 15:30:16,ETHUSDT,ask,2850,5265.232
2024-08-24 15:30:19,ETHUSDT,ask,2850,5265.241
2024-08-24 15:31:58,ETHUSDT,ask,2850,5266.241
2024-08-24 15:32:32,ETHUSDT,ask,2840,3680.821
2024-08-24 15:33:44,ETHUSDT,ask,2850,5266.192
2024-08-24 15:33:51,ETHUSDT,ask,2850,5266.24
2024-08-24 15:34:42,ETHUSDT,ask,2850,5266.231
2024-08-24 15:36:48,ETHUSDT,ask,2850,5255.622
2024-08-24 15:39:00,ETHUSDT,ask,2850,5255.632
2024-08-24 15:40:13,ETHUSDT,ask,2840,3681.062
2024-08-24 15:43:09,ETHUSDT,ask,2850,5290.719
2024-08-24 15:43:38,ETHUSDT,ask,2850,5290.632
2024-08-24 15:47:41,ETHUSDT,ask,2840,3680.821
2024-08-24 15:47:41,ETHUSDT,ask,2880,3695.542
2024-08-24 15:48:35,ETHUSDT,ask,2850,5255.632
2024-08-24 15:48:44,ETHUSDT,ask,2850,5285.632
2024-08-24 15:49:46,ETHUSDT,ask,2850,5297.21
2024-08-24 15:50:30,ETHUSDT,ask,2850,5297.702
2024-08-24 15:50:46,ETHUSDT,ask,2840,3680.834
2024-08-24 15:50:46,ETHUSDT,ask,2890,3461.42
2024-08-24 15:50:50,ETHUSDT,ask,2850,5297.71
2024-08-24 15:51:31,ETHUSDT,ask,2880,3693.542
2024-08-24 15:51:36,ETHUSDT,ask,2850,5267.71
2024-08-24 15:51:46,ETHUSDT,ask,2850,5267.701
2024-08-24 15:52:08,ETHUSDT,ask,2850,4467.701
2024-08-24 15:52:17,ETHUSDT,ask,2780,3605.696
2024-08-24 15:52:21,ETHUSDT,ask,2780,3609.622
2024-08-24 15:52:22,ETHUSDT,ask,2780,3609.612
2024-08-24 15:52:24,ETHUSDT,ask,2780,3609.608
2024-08-24 15:52:26,ETHUSDT,ask,2780,3609.47
2024-08-24 15:52:27,ETHUSDT,ask,2780,3609.48
2024-08-24 15:52:31,ETHUSDT,ask,2780,3609.46
2024-08-24 15:52:32,ETHUSDT,ask,2780,3614.46
2024-08-24 15:52:37,ETHUSDT,ask,2780,3615.696
2024-08-24 15:52:38,ETHUSDT,ask,2780,3625.617
2024-08-24 15:52:42,ETHUSDT,ask,2880,3693.566
2024-08-24 15:52:47,ETHUSDT,ask,2780,3625.649
2024-08-24 15:52:52,ETHUSDT,ask,2780,3626.961
2024-08-24 15:52:52,ETHUSDT,ask,2780,3628.273
2024-08-24 15:52:53,ETHUSDT,ask,2780,3628.524
2024-08-24 15:52:54,ETHUSDT,ask,2780,3628.224
2024-08-24 15:53:01,ETHUSDT,ask,2780,3627.813
2024-08-24 15:53:02,ETHUSDT,ask,2780,3625.255
2024-08-24 15:53:02,ETHUSDT,ask,2780,3623.943
2024-08-24 15:53:03,ETHUSDT,ask,2780,3623.87
2024-08-24 15:53:04,ETHUSDT,ask,2780,3622.634
2024-08-24 15:53:16,ETHUSDT,ask,2780,3621.087
2024-08-24 15:53:18,ETHUSDT,ask,3040,3284.503
2024-08-24 15:53:18,ETHUSDT,ask,3040,3284.51
2024-08-24 15:53:18,ETHUSDT,ask,3040,3284.517
2024-08-24 15:53:19,ETHUSDT,ask,3040,3284.524
2024-08-24 15:53:27,ETHUSDT,ask,3040,3284.517
2024-08-24 15:53:27,ETHUSDT,ask,3040,3284.51
2024-08-24 15:53:28,ETHUSDT,ask,3040,3284.503
2024-08-24 15:53:28,ETHUSDT,ask,3040,3284.496
2024-08-24 15:53:31,ETHUSDT,ask,2780,3622.525
2024-08-24 15:53:33,ETHUSDT,ask,2780,3624.025
2024-08-24 15:53:39,ETHUSDT,ask,2780,3622.927
2024-08-24 15:53:42,ETHUSDT,ask,2780,3622.917
2024-08-24 15:53:54,ETHUSDT,ask,2780,3622.902
2024-08-24 15:54:02,ETHUSDT,ask,2850,4728.159
2024-08-24 15:54:04,ETHUSDT,ask,2850,4728.604
2024-08-24 15:54:28,ETHUSDT,ask,2760,3746.789
2024-08-24 15:54:28,ETHUSDT,ask,2760,3745.809
2024-08-24 15:54:28,ETHUSDT,ask,2760,3747.615
2024-08-24 15:54:28,ETHUSDT,ask,2760,3745.809
2024-08-24 15:54:31,ETHUSDT,ask,2760,3745.809
2024-08-24 15:55:02,ETHUSDT,ask,2880,3693.575
2024-08-24 15:55:03,ETHUSDT,ask,2880,3693.584
2024-08-24 15:55:04,ETHUSDT,ask,2880,3693.593
2024-08-24 15:55:10,ETHUSDT,bid,2250,4461.314
2024-08-24 15:55:20,ETHUSDT,ask,2850,4468.604
2024-08-24 15:55:30,ETHUSDT,ask,2880,3685.593
2024-08-24 15:55:34,ETHUSDT,ask,2880,3685.611
2024-08-24 15:55:34,ETHUSDT,ask,2880,3685.62
2024-08-24 15:55:43,ETHUSDT,ask,2850,4468.954
2024-08-24 15:55:48,ETHUSDT,ask,2850,4468.988
2024-08-24 15:55:58,ETHUSDT,ask,2880,3695.62
2024-08-24 15:56:53,ETHUSDT,ask,2880,3694.926
2024-08-24 15:57:23,ETHUSDT,ask,2840,3680.856
2024-08-24 15:57:36,ETHUSDT,ask,2850,4468.998
2024-08-24 15:57:46,ETHUSDT,ask,2990,3461.949
2024-08-24 15:57:57,ETHUSDT,ask,2850,4468.902
2024-08-24 15:58:13,ETHUSDT,ask,3040,3284.503
2024-08-24 15:58:22,ETHUSDT,ask,3040,3284.496
2024-08-24 15:58:30,ETHUSDT,ask,2850,4470.402
2024-08-24 15:59:00,ETHUSDT,ask,2850,4473.965
2024-08-24 15:59:28,ETHUSDT,ask,2850,4472.465
2024-08-24 15:59:38,ETHUSDT,ask,2840,3681.383
2024-08-24 16:00:02,ETHUSDT,ask,2850,4473.166
2024-08-24 16:00:22,ETHUSDT,ask,2840,3681.602
2024-08-24 16:01:03,ETHUSDT,ask,2850,4469.457
2024-08-24 16:01:16,ETHUSDT,ask,2880,3694.962
2024-08-24 16:01:16,ETHUSDT,ask,2880,3694.926
2024-08-24 16:01:18,ETHUSDT,ask,2850,4469.543
2024-08-24 16:01:24,ETHUSDT,ask,2840,3685.827
2024-08-24 16:01:40,ETHUSDT,ask,2850,4470.595
2024-08-24 16:02:01,ETHUSDT,ask,2850,4479.081
2024-08-24 16:03:13,ETHUSDT,ask,2850,4478.351
2024-08-24 16:03:57,ETHUSDT,ask,2850,4466.773
2024-08-24 16:04:14,ETHUSDT,ask,2890,3461.411
2024-08-24 16:05:29,ETHUSDT,ask,2880,3694.689
2024-08-24 16:05:44,ETHUSDT,ask,2850,4467.433
2024-08-24 16:05:59,ETHUSDT,ask,2840,3681.602
2024-08-24 16:06:05,ETHUSDT,ask,2850,4468.433
2024-08-24 16:06:27,ETHUSDT,ask,2850,4464.433
2024-08-24 16:07:01,ETHUSDT,ask,2840,3681.61
2024-08-24 16:07:10,ETHUSDT,ask,2850,4464.482
2024-08-24 16:09:07,ETHUSDT,ask,2840,3691.61
2024-08-24 16:10:00,ETHUSDT,ask,2850,4464.525
2024-08-24 16:11:52,ETHUSDT,ask,2880,3694.719
2024-08-24 16:12:03,ETHUSDT,ask,3040,3284.506
2024-08-24 16:12:03,ETHUSDT,ask,3040,3284.516
2024-08-24 16:12:03,ETHUSDT,ask,3040,3284.526
2024-08-24 16:12:33,ETHUSDT,ask,2880,3702.719
2024-08-24 16:12:40,ETHUSDT,ask,2850,4465.096
2024-08-24 16:12:53,ETHUSDT,ask,3040,3284.516
2024-08-24 16:12:54,ETHUSDT,ask,3040,3284.506
2024-08-24 16:12:55,ETHUSDT,ask,3040,3284.496
2024-08-24 16:13:50,ETHUSDT,ask,2850,4459.182
2024-08-24 16:14:46,ETHUSDT,ask,2850,4459.199
2024-08-24 16:15:10,ETHUSDT,ask,2840,3691.618
2024-08-24 16:15:13,ETHUSDT,ask,2850,4459.207
2024-08-24 16:15:29,ETHUSDT,ask,2890,3461.565
2024-08-24 16:16:25,ETHUSDT,ask,2850,4459.19
2024-08-24 16:20:48,ETHUSDT,ask,2850,4459.157
2024-08-24 16:22:54,ETHUSDT,ask,2880,3702.619
2024-08-24 16:23:53,ETHUSDT,ask,2890,3461.544
2024-08-24 16:24:03,ETHUSDT,ask,2880,3710.619
2024-08-24 16:24:18,ETHUSDT,ask,2850,4495.453
2024-08-24 16:24:27,ETHUSDT,ask,2890,3462.855
2024-08-24 16:24:45,ETHUSDT,ask,2880,3702.619
2024-08-24 16:24:46,ETHUSDT,ask,2850,4459.157
2024-08-24 16:26:03,ETHUSDT,ask,2890,3461.544
2024-08-24 16:26:59,ETHUSDT,ask,2850,4462.726
2024-08-24 16:27:14,ETHUSDT,ask,2850,4462.901
2024-08-24 16:28:46,ETHUSDT,ask,2840,3691.97
2024-08-24 16:28:55,ETHUSDT,ask,2840,3691.618
2024-08-24 16:29:08,ETHUSDT,ask,2840,3691.97
2024-08-24 16:29:09,ETHUSDT,bid,2140,4698.22
2024-08-24 16:29:39,ETHUSDT,ask,2850,4464.893
2024-08-24 16:30:07,ETHUSDT,ask,2850,4464.574
2024-08-24 16:31:05,ETHUSDT,ask,3040,3284.506
2024-08-24 16:31:28,ETHUSDT,ask,2840,3688.978
2024-08-24 16:31:35,ETHUSDT,ask,2840,3686.978
2024-08-24 16:31:56,ETHUSDT,ask,3040,3284.496
2024-08-24 16:33:04,ETHUSDT,ask,2840,3686.97
2024-08-24 16:33:04,ETHUSDT,ask,2850,4464.54
2024-08-24 16:35:26,ETHUSDT,ask,2850,4464.74
2024-08-24 16:36:22,ETHUSDT,ask,2840,3690.181
2024-08-24 16:36:26,ETHUSDT,ask,2840,3680.181
2024-08-24 16:36:33,ETHUSDT,ask,2840,3676.97
2024-08-24 16:36:40,ETHUSDT,ask,2840,3678.896
2024-08-24 16:37:12,ETHUSDT,ask,2850,4464.804
2024-08-24 16:37:20,ETHUSDT,ask,2850,4464.74
2024-08-24 16:37:28,ETHUSDT,ask,2880,3702.631
2024-08-24 16:37:42,ETHUSDT,ask,2850,4464.772
2024-08-24 16:37:47,ETHUSDT,ask,2880,3702.64
2024-08-24 16:37:49,ETHUSDT,ask,2880,3702.649
2024-08-24 16:37:49,ETHUSDT,ask,2880,3702.658
2024-08-24 16:37:50,ETHUSDT,ask,2880,3702.667
2024-08-24 16:37:55,ETHUSDT,ask,2880,3702.676
2024-08-24 16:37:55,ETHUSDT,ask,2880,3702.685
2024-08-24 16:37:56,ETHUSDT,ask,2880,3702.694
2024-08-24 16:37:57,ETHUSDT,ask,2880,3702.703
2024-08-24 16:37:58,ETHUSDT,ask,2880,3702.712
2024-08-24 16:38:01,ETHUSDT,ask,2880,3702.73
2024-08-24 16:38:02,ETHUSDT,ask,2880,3702.739
2024-08-24 16:38:20,ETHUSDT,ask,2840,3688.896
2024-08-24 16:40:04,ETHUSDT,ask,3030,7763.223
2024-08-24 16:40:13,ETHUSDT,ask,2840,3678.896
2024-08-24 16:41:42,ETHUSDT,ask,2840,3689.896
2024-08-24 16:42:22,ETHUSDT,ask,2850,4465.122
2024-08-24 16:42:46,ETHUSDT,ask,2850,4465.652
2024-08-24 16:43:55,ETHUSDT,ask,2840,3698.896
2024-08-24 16:44:55,ETHUSDT,ask,2880,3702.705
2024-08-24 16:46:00,ETHUSDT,ask,2850,4465.684
2024-08-24 16:46:11,ETHUSDT,ask,2850,4465.652
2024-08-24 16:46:24,ETHUSDT,ask,2850,4465.684
2024-08-24 16:46:35,ETHUSDT,ask,2850,4465.652
2024-08-24 16:46:54,ETHUSDT,ask,2850,4465.577
2024-08-24 16:47:00,ETHUSDT,ask,2850,4483.718
2024-08-24 16:48:22,ETHUSDT,ask,2850,4483.734
2024-08-24 16:48:23,ETHUSDT,ask,2850,4483.75
2024-08-24 16:48:33,ETHUSDT,ask,2850,4483.718
2024-08-24 16:50:47,ETHUSDT,ask,2850,4482.709
2024-08-24 16:55:11,ETHUSDT,ask,2850,4483.22
2024-08-24 16:55:17,ETHUSDT,ask,2850,4483.231
2024-08-24 16:55:22,ETHUSDT,ask,2850,4484.533
2024-08-24 16:55:30,ETHUSDT,ask,2880,3702.705
2024-08-24 16:55:30,ETHUSDT,ask,2850,4484.546
2024-08-24 16:56:26,ETHUSDT,bid,2350,4299.69
2024-08-24 16:59:34,ETHUSDT,bid,2770,3831.672
2024-08-24 16:59:55,ETHUSDT,bid,2770,3833.024
2024-08-24 16:59:56,ETHUSDT,bid,2770,3833.574
2024-08-24 16:59:57,ETHUSDT,bid,2770,3832.222
2024-08-24 16:59:57,ETHUSDT,bid,2770,3831.672
2024-08-24 17:00:01,ETHUSDT,bid,2770,3833.454
2024-08-24 17:00:01,ETHUSDT,bid,2770,3833.422
2024-08-24 17:00:01,ETHUSDT,bid,2770,3831.619
2024-08-24 17:00:01,ETHUSDT,bid,2770,3831.619
2024-08-24 17:00:02,ETHUSDT,bid,2770,3833.422
2024-08-24 17:00:04,ETHUSDT,bid,2770,3831.619
2024-08-24 17:00:08,ETHUSDT,bid,2770,3833.423
2024-08-24 17:00:08,ETHUSDT,bid,2770,3833.423
2024-08-24 17:00:09,ETHUSDT,bid,2770,3831.619
2024-08-24 17:00:11,ETHUSDT,bid,2770,3831.619
2024-08-24 17:00:13,ETHUSDT,bid,2770,3833.423
2024-08-24 17:00:13,ETHUSDT,bid,2770,3831.619
2024-08-24 17:00:30,ETHUSDT,bid,2770,3789.648
2024-08-24 17:00:30,ETHUSDT,bid,2770,3791.142
2024-08-24 17:00:30,ETHUSDT,bid,2770,3791.447
2024-08-24 17:00:31,ETHUSDT,bid,2770,3800.275
2024-08-24 17:00:31,ETHUSDT,bid,2770,3803.869
2024-08-24 17:00:31,ETHUSDT,bid,2770,3803.938
2024-08-24 17:00:31,ETHUSDT,bid,2770,3803.736
2024-08-24 17:00:31,ETHUSDT,bid,2770,3804.045
2024-08-24 17:00:31,ETHUSDT,bid,2770,3803.292
2024-08-24 17:00:31,ETHUSDT,bid,2770,3805.075
2024-08-24 17:00:31,ETHUSDT,bid,2770,3806.029
2024-08-24 17:00:32,ETHUSDT,bid,2770,3806.456
2024-08-24 17:00:32,ETHUSDT,bid,2770,3816.349
2024-08-24 17:00:32,ETHUSDT,bid,2770,3816.356
2024-08-24 17:00:32,ETHUSDT,bid,2770,3815.393
2024-08-24 17:00:32,ETHUSDT,bid,2770,3815.507
2024-08-24 17:00:32,ETHUSDT,bid,2770,3816.504
2024-08-24 17:00:45,ETHUSDT,ask,2850,4483.546
2024-08-24 17:00:56,ETHUSDT,ask,2850,4484.546
2024-08-24 17:01:41,ETHUSDT,ask,3040,3284.506
2024-08-24 17:02:26,ETHUSDT,ask,3040,3284.496
2024-08-24 17:02:28,ETHUSDT,bid,2770,3808.451
2024-08-24 17:02:29,ETHUSDT,bid,2770,3807.051
2024-08-24 17:02:35,ETHUSDT,bid,2770,3807.559
2024-08-24 17:02:35,ETHUSDT,bid,2770,3807.059
2024-08-24 17:04:15,ETHUSDT,ask,2850,4484.535
2024-08-24 17:04:22,ETHUSDT,bid,2140,4698.687
2024-08-24 17:06:09,ETHUSDT,ask,2850,4486.766
2024-08-24 17:07:10,ETHUSDT,ask,2840,3705.391
2024-08-24 17:07:12,ETHUSDT,ask,2850,4486.758
2024-08-24 17:07:14,ETHUSDT,ask,2850,4486.849
2024-08-24 17:09:33,ETHUSDT,ask,2850,4487.238
2024-08-24 17:09:33,ETHUSDT,ask,2770,6440.725
2024-08-24 17:09:33,ETHUSDT,ask,2770,6455.716
2024-08-24 17:09:33,ETHUSDT,ask,2770,6455.478
2024-08-24 17:09:35,ETHUSDT,ask,2910,3456.58
2024-08-24 17:09:35,ETHUSDT,ask,2910,3456.58
2024-08-24 17:09:35,ETHUSDT,ask,2910,3455.818
2024-08-24 17:10:06,ETHUSDT,ask,2850,4487.315
2024-08-24 17:10:19,ETHUSDT,ask,2850,4487.303
2024-08-24 17:10:27,ETHUSDT,ask,2850,4495.901
2024-08-24 17:10:59,ETHUSDT,ask,2840,3705.388
2024-08-24 17:11:03,ETHUSDT,ask,2850,4495.909
2024-08-24 17:11:21,ETHUSDT,ask,2850,4496.466
2024-08-24 17:11:33,ETHUSDT,ask,2890,3461.924
2024-08-24 17:11:45,ETHUSDT,ask,2850,4496.666
2024-08-24 17:12:03,ETHUSDT,ask,2850,4488.068
2024-08-24 17:13:16,ETHUSDT,ask,2850,4497.622
2024-08-24 17:13:31,ETHUSDT,ask,2850,4497.606
2024-08-24 17:14:18,ETHUSDT,ask,2850,4494.037
2024-08-24 17:15:16,ETHUSDT,ask,2850,4494.028
2024-08-24 17:15:44,ETHUSDT,ask,2850,4494.075
2024-08-24 17:16:57,ETHUSDT,ask,2840,3705.405
2024-08-24 17:17:09,ETHUSDT,ask,2850,4494.092
2024-08-24 17:17:29,ETHUSDT,ask,3040,3284.503
2024-08-24 17:17:29,ETHUSDT,ask,3040,3284.51
2024-08-24 17:17:29,ETHUSDT,ask,3040,3284.517
2024-08-24 17:17:29,ETHUSDT,ask,3040,3284.524
2024-08-24 17:17:31,ETHUSDT,ask,3040,3284.531
2024-08-24 17:17:32,ETHUSDT,ask,3040,3284.538
2024-08-24 17:17:32,ETHUSDT,ask,3040,3284.545
2024-08-24 17:17:32,ETHUSDT,ask,3040,3284.552
2024-08-24 17:17:32,ETHUSDT,ask,3040,3284.559
2024-08-24 17:17:38,ETHUSDT,ask,3040,3284.552
2024-08-24 17:17:38,ETHUSDT,ask,3040,3284.545
2024-08-24 17:17:38,ETHUSDT,ask,3040,3284.538
2024-08-24 17:17:39,ETHUSDT,ask,3040,3284.531
2024-08-24 17:17:40,ETHUSDT,ask,3040,3284.524
2024-08-24 17:17:41,ETHUSDT,ask,3040,3284.517
2024-08-24 17:17:41,ETHUSDT,ask,3040,3284.51
2024-08-24 17:17:41,ETHUSDT,ask,3040,3284.503
2024-08-24 17:17:41,ETHUSDT,ask,3040,3284.496
2024-08-24 17:18:48,ETHUSDT,ask,2840,3803.802
2024-08-24 17:18:58,ETHUSDT,ask,2880,3694.694
2024-08-24 17:19:19,ETHUSDT,ask,2850,4495.292
2024-08-24 17:20:31,ETHUSDT,ask,2850,4495.467
2024-08-24 17:21:52,ETHUSDT,ask,2850,4497.023
2024-08-24 17:22:02,ETHUSDT,ask,2850,4497.225
2024-08-24 17:22:56,ETHUSDT,ask,2850,4496.875
2024-08-24 17:23:06,ETHUSDT,ask,2850,4496.475
2024-08-24 17:23:13,ETHUSDT,ask,2840,3803.884
2024-08-24 17:23:13,ETHUSDT,ask,2850,4496.557
2024-08-24 17:23:13,ETHUSDT,ask,2880,3694.776
2024-08-24 17:23:18,ETHUSDT,ask,2840,3803.867
2024-08-24 17:23:18,ETHUSDT,ask,2850,4496.54
2024-08-24 17:23:45,ETHUSDT,ask,2850,4496.338
2024-08-24 17:24:30,ETHUSDT,ask,2840,3705.47
2024-08-24 17:24:47,ETHUSDT,ask,2850,4496.738
2024-08-24 17:25:26,ETHUSDT,ask,2850,4496.755
2024-08-24 17:25:32,ETHUSDT,ask,2840,3705.487
2024-08-24 17:26:09,ETHUSDT,ask,2850,4496.769
2024-08-24 17:26:10,ETHUSDT,ask,2850,4497.054
2024-08-24 17:26:31,ETHUSDT,ask,2850,4497.141
2024-08-24 17:26:42,ETHUSDT,bid,2230,4493.736
2024-08-24 17:27:41,ETHUSDT,ask,2840,3705.5
2024-08-24 17:27:41,ETHUSDT,ask,2880,3702.805
2024-08-24 17:27:48,ETHUSDT,ask,2840,3705.517
2024-08-24 17:28:19,ETHUSDT,ask,2880,3702.831
2024-08-24 17:28:46,ETHUSDT,ask,2850,4497.182
2024-08-24 17:29:20,ETHUSDT,ask,2850,4497.157
2024-08-24 17:29:27,ETHUSDT,ask,2850,4497.129
2024-08-24 17:29:37,ETHUSDT,ask,2850,4497.858
2024-08-24 17:30:20,ETHUSDT,ask,2850,4497.963
2024-08-24 17:30:55,ETHUSDT,ask,2840,3706.517
2024-08-24 17:31:29,ETHUSDT,bid,1700,6005.611
2024-08-24 17:31:46,ETHUSDT,ask,2840,3706.435
2024-08-24 17:31:46,ETHUSDT,ask,2850,4497.881
2024-08-24 17:31:46,ETHUSDT,ask,2880,3702.749
2024-08-24 17:34:17,ETHUSDT,ask,2850,4497.136
2024-08-24 17:35:06,ETHUSDT,ask,2840,3720.483
2024-08-24 17:35:09,ETHUSDT,ask,2840,3720.523
2024-08-24 17:35:25,ETHUSDT,ask,2850,4507.136
2024-08-24 17:35:29,ETHUSDT,ask,2850,4507.161
2024-08-24 17:35:48,ETHUSDT,ask,2850,4506.161
2024-08-24 17:36:27,ETHUSDT,ask,2840,3720.57
2024-08-24 17:36:27,ETHUSDT,ask,2850,4506.208
2024-08-24 17:38:42,ETHUSDT,ask,2910,3457.382
2024-08-24 17:39:05,ETHUSDT,ask,2840,3719.57
2024-08-24 17:39:05,ETHUSDT,ask,2850,4505.208
2024-08-24 17:39:41,ETHUSDT,ask,2840,3720.57
2024-08-24 17:40:06,ETHUSDT,ask,2840,3706.506
2024-08-24 17:40:06,ETHUSDT,ask,2850,4506.208
2024-08-24 17:41:10,ETHUSDT,ask,2840,3706.938
2024-08-24 17:41:11,ETHUSDT,ask,2850,4505.331
2024-08-24 17:41:14,ETHUSDT,ask,2880,3694.733
2024-08-24 17:41:41,ETHUSDT,ask,2850,4507.134
2024-08-24 17:42:05,ETHUSDT,ask,2850,4505.331
2024-08-24 17:42:41,ETHUSDT,ask,2840,3706.948
2024-08-24 17:42:41,ETHUSDT,ask,2990,3461.919
2024-08-24 17:42:50,ETHUSDT,ask,2880,3696.979
2024-08-24 17:43:35,ETHUSDT,ask,2840,3706.914
2024-08-24 17:43:35,ETHUSDT,ask,2850,4505.273
2024-08-24 17:43:35,ETHUSDT,ask,2880,3696.936
2024-08-24 17:45:58,ETHUSDT,ask,2880,3696.97
2024-08-24 17:46:14,ETHUSDT,ask,2850,4505.29
2024-08-24 17:46:20,ETHUSDT,ask,2840,3706.931
2024-08-24 17:46:55,ETHUSDT,ask,2850,4505.282
2024-08-24 17:46:56,ETHUSDT,ask,2840,3706.923
2024-08-24 17:47:46,ETHUSDT,bid,2290,4364.085
2024-08-24 17:47:46,ETHUSDT,ask,2850,4505.262
2024-08-24 17:47:46,ETHUSDT,ask,2880,3696.95
2024-08-24 17:47:51,ETHUSDT,ask,2880,3696.941
2024-08-24 17:47:59,ETHUSDT,ask,2850,4503.684
2024-08-24 17:49:40,ETHUSDT,ask,2880,3696.932
2024-08-24 17:49:57,ETHUSDT,ask,2880,3696.914
2024-08-24 17:50:23,ETHUSDT,ask,2850,4502.983
2024-08-24 17:51:58,ETHUSDT,ask,2850,4502.788
2024-08-24 17:52:11,ETHUSDT,ask,2880,3696.905
2024-08-24 17:52:27,ETHUSDT,ask,2880,3696.896
2024-08-24 17:57:23,ETHUSDT,ask,2850,4499.225
2024-08-24 17:59:29,ETHUSDT,ask,2840,3706.906
2024-08-24 17:59:29,ETHUSDT,ask,2850,4499.208
2024-08-24 17:59:29,ETHUSDT,ask,2880,3696.862
2024-08-24 18:00:04,ETHUSDT,ask,2840,3706.554
2024-08-24 18:01:13,ETHUSDT,bid,2350,4299.664
2024-08-24 18:01:19,ETHUSDT,ask,2850,4501.022
2024-08-24 18:03:28,ETHUSDT,ask,2880,3708.422
2024-08-24 18:04:25,ETHUSDT,ask,3090,3230.725
2024-08-24 18:04:50,ETHUSDT,bid,2760,7837.894
2024-08-24 18:04:53,ETHUSDT,bid,2760,7837.344
2024-08-24 18:04:55,ETHUSDT,bid,2760,7837.454
2024-08-24 18:04:58,ETHUSDT,bid,2760,7851.884
2024-08-24 18:05:00,ETHUSDT,bid,2760,7837.454
2024-08-24 18:05:06,ETHUSDT,bid,2760,7835.3
2024-08-24 18:05:17,ETHUSDT,ask,2850,4499.022
