2024-09-12 18:41:07,BTCUSD_PERP,bid,47000,2437.3
2024-09-12 18:47:18,BTCUSD_PERP,bid,47000,2437.52
2024-09-12 19:00:32,BTCUSD_PERP,bid,47000,2437.38
2024-09-12 19:03:51,BTCUSD_PERP,ask,58700,513.0
2024-09-12 19:03:53,BTCUSD_PERP,ask,58700,532.35
2024-09-12 19:03:55,BTCUSD_PERP,ask,58700,541.73
2024-09-12 19:03:57,BTCUSD_PERP,ask,58700,551.11
2024-09-12 19:04:27,BTCUSD_PERP,ask,58700,541.73
2024-09-12 19:04:28,BTCUSD_PERP,ask,58700,532.35
2024-09-12 19:04:30,BTCUSD_PERP,ask,58700,523.26
2024-09-12 19:04:40,BTCUSD_PERP,ask,58700,513.88
2024-09-12 19:36:56,BTCUSD_PERP,bid,57300,621.91
2024-09-12 19:36:56,BTCUSD_PERP,bid,57300,678.72
2024-09-12 19:37:09,BTCUSD_PERP,bid,57300,792.21
2024-09-12 19:37:09,BTCUSD_PERP,bid,57300,848.99
2024-09-12 19:37:09,BTCUSD_PERP,bid,57300,792.79
2024-09-12 19:39:07,BTCUSD_PERP,bid,57200,564.97
2024-09-12 19:39:07,BTCUSD_PERP,bid,57200,621.64
2024-09-12 19:39:35,BTCUSD_PERP,bid,57200,621.52
2024-09-12 19:40:22,BTCUSD_PERP,bid,57200,564.85
2024-09-12 19:42:33,BTCUSD_PERP,bid,57200,621.67
2024-09-12 19:42:33,BTCUSD_PERP,bid,57200,678.35
2024-09-12 19:42:39,BTCUSD_PERP,bid,57200,621.67
2024-09-12 19:42:39,BTCUSD_PERP,bid,57200,564.99
2024-09-12 19:45:40,BTCUSD_PERP,bid,57300,564.6
2024-09-12 19:45:40,BTCUSD_PERP,bid,57300,620.77
2024-09-12 19:45:40,BTCUSD_PERP,bid,57300,734.27
2024-09-12 19:47:10,BTCUSD_PERP,bid,57200,733.82
2024-09-12 19:47:16,BTCUSD_PERP,bid,57200,677.69
2024-09-12 19:47:16,BTCUSD_PERP,bid,57200,564.25
2024-09-12 19:47:18,BTCUSD_PERP,bid,57200,564.58
2024-09-12 19:47:18,BTCUSD_PERP,bid,57200,790.18
2024-09-12 19:47:18,BTCUSD_PERP,bid,57200,846.29
2024-09-12 19:47:36,BTCUSD_PERP,bid,57200,790.18
2024-09-12 19:47:36,BTCUSD_PERP,bid,57200,733.49
2024-09-12 19:47:36,BTCUSD_PERP,bid,57200,620.69
2024-09-12 19:47:36,BTCUSD_PERP,bid,57200,564.28
2024-09-12 19:48:19,BTCUSD_PERP,bid,57200,620.04
2024-09-12 19:51:37,BTCUSD_PERP,bid,57200,565.26
2024-09-12 19:51:47,BTCUSD_PERP,bid,57200,621.63
2024-09-12 19:51:52,BTCUSD_PERP,bid,57200,564.96
2024-09-12 19:52:49,BTCUSD_PERP,bid,57200,621.43
2024-09-12 19:53:59,BTCUSD_PERP,bid,57200,564.86
2024-09-12 19:56:21,BTCUSD_PERP,bid,57100,550.01
2024-09-12 19:57:17,BTCUSD_PERP,bid,57100,563.88
2024-09-12 19:57:17,BTCUSD_PERP,bid,57100,620.5
2024-09-12 20:00:37,BTCUSD_PERP,bid,57100,563.88
2024-09-12 20:00:38,BTCUSD_PERP,bid,57100,563.58
2024-09-12 20:00:38,BTCUSD_PERP,bid,57100,619.59
2024-09-12 20:00:38,BTCUSD_PERP,bid,57100,676.18
2024-09-12 20:00:38,BTCUSD_PERP,bid,57100,901.38
2024-09-12 20:00:47,BTCUSD_PERP,bid,57100,900.8
2024-09-12 20:00:47,BTCUSD_PERP,bid,57100,957.36
2024-09-12 20:01:00,BTCUSD_PERP,bid,57100,788.1
2024-09-12 20:01:00,BTCUSD_PERP,bid,57100,844.69
2024-09-12 20:01:31,BTCUSD_PERP,bid,57100,957.29
2024-09-12 20:01:31,BTCUSD_PERP,bid,57100,1013.88
2024-09-12 20:02:34,BTCUSD_PERP,bid,57100,957.29
2024-09-12 20:02:34,BTCUSD_PERP,bid,57100,901.28
2024-09-12 20:02:34,BTCUSD_PERP,bid,57100,844.69
2024-09-12 20:02:34,BTCUSD_PERP,bid,57100,732.09
2024-09-12 20:02:34,BTCUSD_PERP,bid,57100,675.5
2024-09-12 20:02:34,BTCUSD_PERP,bid,57100,619.49
2024-09-12 20:02:35,BTCUSD_PERP,bid,57100,563.48
2024-09-12 20:18:49,BTCUSD_PERP,bid,57100,563.35
2024-09-12 20:18:59,BTCUSD_PERP,bid,57100,577.06
2024-09-12 20:19:00,BTCUSD_PERP,bid,57100,579.11
2024-09-12 20:19:59,BTCUSD_PERP,bid,57100,565.4
2024-09-12 20:20:02,BTCUSD_PERP,bid,57100,563.35
2024-09-12 20:31:19,BTCUSD_PERP,bid,57100,564.76
2024-09-12 20:31:19,BTCUSD_PERP,bid,57100,620.78
2024-09-12 20:31:19,BTCUSD_PERP,bid,57100,677.38
2024-09-12 20:31:48,BTCUSD_PERP,bid,57100,620.78
2024-09-12 20:31:49,BTCUSD_PERP,bid,57100,564.18
2024-09-12 20:32:22,BTCUSD_PERP,bid,57300,564.93
2024-09-12 20:32:22,BTCUSD_PERP,bid,57300,621.66
2024-09-12 20:32:33,BTCUSD_PERP,bid,57300,621.79
2024-09-12 20:32:35,BTCUSD_PERP,bid,57300,565.63
2024-09-12 20:32:35,BTCUSD_PERP,bid,57200,565.77
2024-09-12 20:32:55,BTCUSD_PERP,bid,57200,747.37
2024-09-12 20:32:55,BTCUSD_PERP,bid,57200,804.04
2024-09-12 20:33:05,BTCUSD_PERP,bid,57200,747.94
2024-09-12 20:33:06,BTCUSD_PERP,bid,57200,691.27
2024-09-12 20:33:06,BTCUSD_PERP,bid,57200,635.17
2024-09-12 20:33:14,BTCUSD_PERP,bid,57200,621.67
2024-09-12 20:33:19,BTCUSD_PERP,bid,57200,621.47
2024-09-12 20:33:28,BTCUSD_PERP,bid,57200,565.39
2024-09-12 20:33:37,BTCUSD_PERP,bid,57200,564.76
2024-09-12 20:34:30,BTCUSD_PERP,bid,57300,523.88
2024-09-12 20:34:30,BTCUSD_PERP,bid,57300,580.06
2024-09-12 20:34:50,BTCUSD_PERP,bid,57300,565.58
2024-09-12 20:36:10,BTCUSD_PERP,bid,57200,564.37
2024-09-12 20:36:10,BTCUSD_PERP,bid,57200,861.4
2024-09-12 20:36:10,BTCUSD_PERP,bid,57200,918.08
2024-09-12 20:36:16,BTCUSD_PERP,bid,57200,846.17
2024-09-12 20:36:17,BTCUSD_PERP,bid,57200,902.82
2024-09-12 20:36:33,BTCUSD_PERP,bid,57200,790.1
2024-09-12 20:36:33,BTCUSD_PERP,bid,57200,733.45
2024-09-12 20:36:33,BTCUSD_PERP,bid,57200,620.73
2024-09-12 20:36:34,BTCUSD_PERP,bid,57200,564.52
2024-09-12 20:36:34,BTCUSD_PERP,bid,57200,677.9
2024-09-12 20:36:34,BTCUSD_PERP,bid,57200,734.59
2024-09-12 20:36:43,BTCUSD_PERP,bid,57200,678.47
2024-09-12 20:36:43,BTCUSD_PERP,bid,57200,621.87
2024-09-12 20:39:11,BTCUSD_PERP,bid,57300,622.3
2024-09-12 20:39:11,BTCUSD_PERP,bid,57300,679.04
2024-09-12 20:39:17,BTCUSD_PERP,bid,57200,565.84
2024-09-12 20:42:12,BTCUSD_PERP,bid,57200,564.43
2024-09-12 20:42:12,BTCUSD_PERP,bid,57200,621.11
2024-09-12 20:42:12,BTCUSD_PERP,bid,57200,733.9
2024-09-12 20:42:12,BTCUSD_PERP,bid,57200,847.26
2024-09-12 20:42:12,BTCUSD_PERP,bid,57200,903.36
2024-09-12 20:42:14,BTCUSD_PERP,bid,57200,1016.15
2024-09-12 20:42:14,BTCUSD_PERP,bid,57200,1072.83
2024-09-12 20:43:08,BTCUSD_PERP,bid,57200,903.37
2024-09-12 20:43:08,BTCUSD_PERP,bid,57200,846.69
2024-09-12 20:43:08,BTCUSD_PERP,bid,57200,733.43
2024-09-12 20:43:08,BTCUSD_PERP,bid,57200,620.07
2024-09-12 20:43:09,BTCUSD_PERP,bid,57200,563.96
2024-09-12 20:43:09,BTCUSD_PERP,bid,57200,565.26
2024-09-12 20:43:09,BTCUSD_PERP,bid,57200,677.42
2024-09-12 20:43:10,BTCUSD_PERP,bid,57200,733.5
2024-09-12 20:43:10,BTCUSD_PERP,bid,57200,902.31
2024-09-12 20:43:10,BTCUSD_PERP,bid,57200,958.96
2024-09-12 20:43:10,BTCUSD_PERP,bid,57200,1015.61
2024-09-12 20:43:10,BTCUSD_PERP,bid,57200,1072.26
2024-09-12 20:45:34,BTCUSD_PERP,bid,57100,1015.07
2024-09-12 20:45:34,BTCUSD_PERP,bid,57100,1071.69
2024-09-12 20:46:05,BTCUSD_PERP,bid,57100,563.83
2024-09-12 20:46:13,BTCUSD_PERP,bid,57100,563.29
2024-09-12 20:46:17,BTCUSD_PERP,bid,57000,562.23
2024-09-12 20:46:18,BTCUSD_PERP,bid,57000,618.69
2024-09-12 20:46:20,BTCUSD_PERP,bid,57000,562.58
2024-09-12 20:46:20,BTCUSD_PERP,bid,57000,618.5
2024-09-12 20:46:20,BTCUSD_PERP,bid,57000,675.0
2024-09-12 20:46:21,BTCUSD_PERP,bid,57000,731.5
2024-09-12 20:46:21,BTCUSD_PERP,bid,57000,788.0
2024-09-12 20:46:21,BTCUSD_PERP,bid,57000,788.13
2024-09-12 20:46:21,BTCUSD_PERP,bid,57000,844.63
2024-09-12 20:46:35,BTCUSD_PERP,bid,57000,787.59
2024-09-12 20:46:35,BTCUSD_PERP,bid,57000,844.06
2024-09-12 20:46:54,BTCUSD_PERP,bid,57000,562.87
2024-09-12 20:46:54,BTCUSD_PERP,bid,57000,618.76
2024-09-12 20:48:38,BTCUSD_PERP,bid,56800,729.78
2024-09-12 20:48:38,BTCUSD_PERP,bid,56800,786.1
2024-09-12 20:48:38,BTCUSD_PERP,bid,56800,842.42
2024-09-12 20:49:14,BTCUSD_PERP,bid,56800,672.53
2024-09-12 20:49:14,BTCUSD_PERP,bid,56800,728.82
2024-09-12 20:49:24,BTCUSD_PERP,bid,56800,616.81
2024-09-12 20:49:24,BTCUSD_PERP,bid,56800,561.09
2024-09-12 20:50:11,BTCUSD_PERP,bid,56800,672.51
2024-09-12 20:50:12,BTCUSD_PERP,bid,56800,728.79
2024-09-12 20:50:20,BTCUSD_PERP,bid,56800,616.23
2024-09-12 20:50:20,BTCUSD_PERP,bid,56800,559.95
2024-09-12 20:51:27,BTCUSD_PERP,bid,56900,567.89
2024-09-12 20:53:02,BTCUSD_PERP,bid,57000,562.46
2024-09-12 20:53:03,BTCUSD_PERP,bid,57000,618.89
2024-09-12 20:53:12,BTCUSD_PERP,bid,57000,562.46
2024-09-12 21:00:15,BTCUSD_PERP,bid,57000,619.03
2024-09-12 21:00:15,BTCUSD_PERP,bid,57000,675.54
2024-09-12 21:00:47,BTCUSD_PERP,bid,57000,619.03
2024-09-12 21:01:00,BTCUSD_PERP,bid,57100,563.53
2024-09-12 21:03:15,BTCUSD_PERP,bid,57200,620.5
2024-09-12 21:03:16,BTCUSD_PERP,bid,57200,677.13
2024-09-12 21:03:27,BTCUSD_PERP,bid,57200,621.08
2024-09-12 21:03:27,BTCUSD_PERP,bid,57200,564.45
2024-09-12 21:05:58,BTCUSD_PERP,bid,57200,563.99
2024-09-12 21:11:14,BTCUSD_PERP,bid,57200,564.89
2024-09-12 21:11:14,BTCUSD_PERP,bid,57200,635.22
2024-09-12 21:11:34,BTCUSD_PERP,bid,57200,564.61
2024-09-12 21:47:00,BTCUSD_PERP,bid,57100,567.57
2024-09-12 21:47:00,BTCUSD_PERP,bid,57100,905.39
2024-09-12 21:47:00,BTCUSD_PERP,bid,57100,962.0
2024-09-12 21:47:03,BTCUSD_PERP,bid,57100,620.43
2024-09-12 21:47:04,BTCUSD_PERP,bid,57100,677.04
2024-09-12 21:47:04,BTCUSD_PERP,bid,57100,733.07
2024-09-12 21:51:09,BTCUSD_PERP,bid,57300,566.44
2024-09-12 21:57:06,BTCUSD_PERP,bid,57200,565.33
2024-09-12 21:57:08,BTCUSD_PERP,bid,57200,565.03
2024-09-12 21:57:46,BTCUSD_PERP,bid,57200,564.22
2024-09-12 22:00:47,BTCUSD_PERP,bid,56900,561.47
2024-09-12 22:02:20,BTCUSD_PERP,bid,57100,563.19
2024-09-12 22:02:20,BTCUSD_PERP,bid,57100,675.71
2024-09-12 22:02:20,BTCUSD_PERP,bid,57100,732.16
2024-09-12 22:02:20,BTCUSD_PERP,bid,57100,844.68
2024-09-12 22:02:21,BTCUSD_PERP,bid,57100,901.23
2024-09-12 22:02:21,BTCUSD_PERP,bid,57000,549.74
2024-09-12 22:02:21,BTCUSD_PERP,bid,57100,957.78
2024-09-12 22:02:21,BTCUSD_PERP,bid,57100,1070.3
2024-09-12 22:02:25,BTCUSD_PERP,bid,57100,957.78
2024-09-12 22:02:27,BTCUSD_PERP,bid,57100,676.19
2024-09-12 22:02:27,BTCUSD_PERP,bid,57100,620.22
2024-09-12 22:02:27,BTCUSD_PERP,bid,57100,563.67
2024-09-12 22:03:39,BTCUSD_PERP,bid,57100,563.78
2024-09-12 22:03:48,BTCUSD_PERP,bid,57100,563.49
2024-09-12 22:04:11,BTCUSD_PERP,bid,57100,620.29
2024-09-12 22:04:12,BTCUSD_PERP,bid,57100,732.93
2024-09-12 22:04:12,BTCUSD_PERP,bid,57100,789.54
2024-09-12 22:04:22,BTCUSD_PERP,bid,57100,620.87
2024-09-12 22:04:59,BTCUSD_PERP,bid,57200,620.58
2024-09-12 22:04:59,BTCUSD_PERP,bid,57200,789.94
2024-09-12 22:04:59,BTCUSD_PERP,bid,57200,846.62
2024-09-12 22:05:06,BTCUSD_PERP,bid,57200,790.52
2024-09-12 22:05:07,BTCUSD_PERP,bid,57200,733.84
2024-09-12 22:05:07,BTCUSD_PERP,bid,57200,677.74
2024-09-12 22:05:07,BTCUSD_PERP,bid,57200,564.72
2024-09-12 22:05:07,BTCUSD_PERP,bid,57200,621.42
2024-09-12 22:05:10,BTCUSD_PERP,bid,57200,564.72
2024-09-12 22:06:50,BTCUSD_PERP,bid,57200,577.67
2024-09-12 22:08:42,BTCUSD_PERP,bid,57200,620.15
2024-09-12 22:08:42,BTCUSD_PERP,bid,57200,676.8
2024-09-12 22:08:50,BTCUSD_PERP,bid,57200,620.15
2024-09-12 22:08:50,BTCUSD_PERP,bid,57200,564.08
2024-09-12 22:10:50,BTCUSD_PERP,bid,57100,618.96
2024-09-12 22:10:51,BTCUSD_PERP,bid,57100,675.54
2024-09-12 22:10:51,BTCUSD_PERP,bid,57100,731.54
2024-09-12 22:10:51,BTCUSD_PERP,bid,57100,844.7
2024-09-12 22:11:12,BTCUSD_PERP,bid,57100,788.69
2024-09-12 22:11:13,BTCUSD_PERP,bid,57100,787.7
2024-09-12 22:11:13,BTCUSD_PERP,bid,57100,844.25
2024-09-12 22:11:49,BTCUSD_PERP,bid,57100,788.27
2024-09-12 22:11:49,BTCUSD_PERP,bid,57100,731.72
2024-09-12 22:11:49,BTCUSD_PERP,bid,57100,675.74
2024-09-12 22:11:49,BTCUSD_PERP,bid,57100,619.76
2024-09-12 22:11:49,BTCUSD_PERP,bid,57100,563.78
2024-09-12 22:12:21,BTCUSD_PERP,bid,57200,564.14
2024-09-12 22:12:22,BTCUSD_PERP,bid,57200,620.22
2024-09-12 22:13:00,BTCUSD_PERP,bid,57200,564.14
2024-09-12 22:13:02,BTCUSD_PERP,bid,57200,620.84
2024-09-12 22:13:02,BTCUSD_PERP,bid,57200,733.67
2024-09-12 22:13:02,BTCUSD_PERP,bid,57200,790.37
2024-09-12 22:13:02,BTCUSD_PERP,bid,57200,903.68
2024-09-12 22:13:02,BTCUSD_PERP,bid,57200,960.38
2024-09-12 22:13:10,BTCUSD_PERP,bid,57200,904.26
2024-09-12 22:13:10,BTCUSD_PERP,bid,57200,847.56
2024-09-12 22:13:10,BTCUSD_PERP,bid,57200,791.43
2024-09-12 22:13:10,BTCUSD_PERP,bid,57200,734.73
2024-09-12 22:13:11,BTCUSD_PERP,bid,57200,678.6
2024-09-12 22:13:11,BTCUSD_PERP,bid,57200,565.29
2024-09-12 22:13:35,BTCUSD_PERP,bid,57300,565.33
2024-09-12 22:13:35,BTCUSD_PERP,bid,57300,678.87
2024-09-12 22:13:55,BTCUSD_PERP,bid,57300,736.03
2024-09-12 22:13:55,BTCUSD_PERP,bid,57300,792.83
2024-09-12 22:14:09,BTCUSD_PERP,bid,57300,680.37
2024-09-12 22:14:09,BTCUSD_PERP,bid,57300,565.33
2024-09-12 22:14:09,BTCUSD_PERP,bid,57300,735.64
2024-09-12 22:14:09,BTCUSD_PERP,bid,57300,792.41
2024-09-12 22:15:07,BTCUSD_PERP,bid,57300,736.21
2024-09-12 22:15:07,BTCUSD_PERP,bid,57300,566.74
2024-09-12 22:15:07,BTCUSD_PERP,bid,57300,792.56
2024-09-12 22:15:07,BTCUSD_PERP,bid,57300,849.3
2024-09-12 22:15:43,BTCUSD_PERP,bid,57300,792.65
2024-09-12 22:15:43,BTCUSD_PERP,bid,57300,735.91
2024-09-12 22:15:43,BTCUSD_PERP,bid,57300,679.74
2024-09-12 22:15:43,BTCUSD_PERP,bid,57300,623.0
2024-09-12 22:15:43,BTCUSD_PERP,bid,57300,566.83
2024-09-12 22:15:43,BTCUSD_PERP,bid,57200,904.52
2024-09-12 22:15:44,BTCUSD_PERP,bid,57200,961.24
2024-09-12 22:15:44,BTCUSD_PERP,bid,57200,1017.38
2024-09-12 22:15:49,BTCUSD_PERP,bid,57200,960.66
2024-09-12 22:15:49,BTCUSD_PERP,bid,57200,847.8
2024-09-12 22:15:49,BTCUSD_PERP,bid,57200,791.66
2024-09-12 22:15:49,BTCUSD_PERP,bid,57200,735.05
2024-09-12 22:15:54,BTCUSD_PERP,bid,57200,623.1
2024-09-12 22:15:54,BTCUSD_PERP,bid,57200,679.75
2024-09-12 22:16:00,BTCUSD_PERP,bid,57100,563.51
2024-09-12 22:16:03,BTCUSD_PERP,bid,57100,563.22
2024-09-12 22:16:03,BTCUSD_PERP,bid,57100,563.46
2024-09-12 22:16:03,BTCUSD_PERP,bid,57100,620.01
2024-09-12 22:16:06,BTCUSD_PERP,bid,57100,564.03
2024-09-12 22:20:29,BTCUSD_PERP,bid,57200,551.1
2024-09-12 22:21:32,BTCUSD_PERP,bid,57200,564.76
2024-09-12 22:21:32,BTCUSD_PERP,bid,57200,621.42
2024-09-12 22:22:19,BTCUSD_PERP,bid,57200,565.34
2024-09-12 22:22:34,BTCUSD_PERP,bid,57100,563.8
2024-09-12 22:26:08,BTCUSD_PERP,bid,57000,563.97
2024-09-12 22:26:08,BTCUSD_PERP,bid,57000,620.48
2024-09-12 22:26:12,BTCUSD_PERP,bid,57000,620.12
2024-09-12 22:26:12,BTCUSD_PERP,bid,57000,676.6
2024-09-12 22:26:31,BTCUSD_PERP,bid,57000,620.12
2024-09-12 22:26:32,BTCUSD_PERP,bid,57000,563.64
2024-09-12 22:26:32,BTCUSD_PERP,bid,57000,619.77
2024-09-12 22:26:33,BTCUSD_PERP,bid,57000,675.71
2024-09-12 22:26:33,BTCUSD_PERP,bid,57000,732.22
2024-09-12 22:26:33,BTCUSD_PERP,bid,57000,844.66
2024-09-12 22:26:33,BTCUSD_PERP,bid,57000,957.68
2024-09-12 22:26:40,BTCUSD_PERP,bid,57000,788.15
2024-09-12 22:26:40,BTCUSD_PERP,bid,57000,731.64
2024-09-12 22:26:40,BTCUSD_PERP,bid,57000,675.71
2024-09-12 22:26:40,BTCUSD_PERP,bid,57000,619.3
2024-09-12 22:26:40,BTCUSD_PERP,bid,57100,623.31
2024-09-12 22:26:40,BTCUSD_PERP,bid,57100,736.39
2024-09-12 22:26:41,BTCUSD_PERP,bid,57100,792.36
2024-09-12 22:26:41,BTCUSD_PERP,bid,57100,848.9
2024-09-12 22:26:41,BTCUSD_PERP,bid,57100,905.44
2024-09-12 22:27:27,BTCUSD_PERP,bid,57100,848.99
2024-09-12 22:27:27,BTCUSD_PERP,bid,57100,792.45
2024-09-12 22:27:27,BTCUSD_PERP,bid,57100,679.37
2024-09-12 22:27:27,BTCUSD_PERP,bid,57100,623.4
2024-09-12 22:27:27,BTCUSD_PERP,bid,57100,676.01
2024-09-12 22:27:28,BTCUSD_PERP,bid,57100,732.59
2024-09-12 22:29:31,BTCUSD_PERP,bid,57100,676.58
2024-09-12 22:29:31,BTCUSD_PERP,bid,57100,620.0
2024-09-12 22:29:31,BTCUSD_PERP,bid,57100,563.42
2024-09-12 22:31:40,BTCUSD_PERP,bid,57200,563.61
2024-09-12 22:34:11,BTCUSD_PERP,bid,57200,564.59
2024-09-12 22:35:32,BTCUSD_PERP,bid,57100,675.89
2024-09-12 22:35:48,BTCUSD_PERP,bid,57100,619.32
2024-09-12 22:35:48,BTCUSD_PERP,bid,57100,677.48
2024-09-12 22:35:49,BTCUSD_PERP,bid,57100,733.51
2024-09-12 22:35:49,BTCUSD_PERP,bid,57100,790.12
2024-09-12 22:35:49,BTCUSD_PERP,bid,57100,846.15
2024-09-12 22:35:49,BTCUSD_PERP,bid,57100,902.18
2024-09-12 22:36:39,BTCUSD_PERP,bid,57100,958.79
2024-09-12 22:37:04,BTCUSD_PERP,bid,57100,846.73
2024-09-12 22:37:04,BTCUSD_PERP,bid,57200,563.97
2024-09-12 22:37:04,BTCUSD_PERP,bid,57200,620.03
2024-09-12 22:37:05,BTCUSD_PERP,bid,57200,676.09
2024-09-12 22:37:05,BTCUSD_PERP,bid,57200,732.73
2024-09-12 22:37:05,BTCUSD_PERP,bid,57200,902.65
2024-09-12 22:37:27,BTCUSD_PERP,bid,57200,846.01
2024-09-12 22:37:27,BTCUSD_PERP,bid,57200,789.96
2024-09-12 22:37:28,BTCUSD_PERP,bid,57200,733.32
2024-09-12 22:37:28,BTCUSD_PERP,bid,57200,620.62
2024-09-12 22:37:28,BTCUSD_PERP,bid,57200,564.56
2024-09-12 22:37:28,BTCUSD_PERP,bid,57200,620.37
2024-09-12 22:37:29,BTCUSD_PERP,bid,57200,733.71
2024-09-12 22:37:29,BTCUSD_PERP,bid,57200,903.14
2024-09-12 22:38:20,BTCUSD_PERP,bid,57200,847.05
2024-09-12 22:38:20,BTCUSD_PERP,bid,57200,790.38
2024-09-12 22:38:20,BTCUSD_PERP,bid,57200,733.71
2024-09-12 22:38:20,BTCUSD_PERP,bid,57200,620.47
2024-09-12 22:38:20,BTCUSD_PERP,bid,57200,563.8
2024-09-12 22:38:21,BTCUSD_PERP,bid,57200,902.65
2024-09-12 22:38:21,BTCUSD_PERP,bid,57200,959.29
2024-09-12 22:38:41,BTCUSD_PERP,bid,57200,903.23
2024-09-12 22:38:42,BTCUSD_PERP,bid,57100,902.08
2024-09-12 22:38:42,BTCUSD_PERP,bid,57100,958.68
2024-09-12 22:39:31,BTCUSD_PERP,bid,57100,901.6
2024-09-12 22:39:31,BTCUSD_PERP,bid,57100,958.17
2024-09-12 22:39:43,BTCUSD_PERP,bid,57100,901.6
2024-09-12 22:39:43,BTCUSD_PERP,bid,57100,845.61
2024-09-12 22:39:43,BTCUSD_PERP,bid,57100,677.04
2024-09-12 22:39:43,BTCUSD_PERP,bid,57100,620.47
2024-09-12 22:39:43,BTCUSD_PERP,bid,57100,563.9
2024-09-12 22:39:44,BTCUSD_PERP,bid,57100,620.22
2024-09-12 22:39:44,BTCUSD_PERP,bid,57100,676.25
2024-09-12 22:39:44,BTCUSD_PERP,bid,57100,732.85
2024-09-12 22:39:44,BTCUSD_PERP,bid,57100,789.45
2024-09-12 22:39:44,BTCUSD_PERP,bid,57100,958.68
2024-09-12 22:40:06,BTCUSD_PERP,bid,57100,846.05
2024-09-12 22:40:07,BTCUSD_PERP,bid,57100,734.0
2024-09-12 22:40:07,BTCUSD_PERP,bid,57100,677.4
2024-09-12 22:40:07,BTCUSD_PERP,bid,57100,620.8
2024-09-12 22:40:07,BTCUSD_PERP,bid,57100,564.2
2024-09-12 22:40:07,BTCUSD_PERP,bid,57200,563.42
2024-09-12 22:40:08,BTCUSD_PERP,bid,57200,620.05
2024-09-12 22:40:08,BTCUSD_PERP,bid,57200,733.31
2024-09-12 22:40:08,BTCUSD_PERP,bid,57200,789.94
2024-09-12 22:40:08,BTCUSD_PERP,bid,57200,903.2
2024-09-12 22:40:08,BTCUSD_PERP,bid,57200,959.26
2024-09-12 22:40:15,BTCUSD_PERP,bid,57200,846.58
2024-09-12 22:40:15,BTCUSD_PERP,bid,57200,733.32
2024-09-12 22:40:16,BTCUSD_PERP,bid,57200,676.78
2024-09-12 22:40:16,BTCUSD_PERP,bid,57200,620.15
2024-09-12 22:40:16,BTCUSD_PERP,bid,57200,623.22
2024-09-12 22:40:17,BTCUSD_PERP,bid,57200,679.88
2024-09-12 22:40:17,BTCUSD_PERP,bid,57200,735.97
2024-09-12 22:40:17,BTCUSD_PERP,bid,57200,848.15
2024-09-12 22:41:02,BTCUSD_PERP,bid,57200,846.96
2024-09-12 22:41:49,BTCUSD_PERP,bid,57200,790.3
2024-09-12 22:41:49,BTCUSD_PERP,bid,57200,733.64
2024-09-12 22:41:49,BTCUSD_PERP,bid,57200,676.98
2024-09-12 22:41:49,BTCUSD_PERP,bid,57200,620.89
2024-09-12 22:41:50,BTCUSD_PERP,bid,57200,564.23
2024-09-12 22:41:50,BTCUSD_PERP,bid,57200,565.15
2024-09-12 22:41:50,BTCUSD_PERP,bid,57200,621.85
2024-09-12 22:41:51,BTCUSD_PERP,bid,57200,734.67
2024-09-12 22:41:51,BTCUSD_PERP,bid,57200,791.37
2024-09-12 22:41:51,BTCUSD_PERP,bid,57200,903.61
2024-09-12 22:42:02,BTCUSD_PERP,bid,57200,846.91
2024-09-12 22:42:02,BTCUSD_PERP,bid,57200,846.47
2024-09-12 22:42:02,BTCUSD_PERP,bid,57200,903.14
2024-09-12 22:42:23,BTCUSD_PERP,bid,57200,733.13
2024-09-12 22:42:32,BTCUSD_PERP,bid,57100,848.71
2024-09-12 22:42:32,BTCUSD_PERP,bid,57100,905.31
2024-09-12 22:43:05,BTCUSD_PERP,bid,57100,623.45
2024-09-12 22:43:06,BTCUSD_PERP,bid,57100,731.89
2024-09-12 22:43:06,BTCUSD_PERP,bid,57100,788.46
2024-09-12 22:43:09,BTCUSD_PERP,bid,57100,675.9
2024-09-12 22:43:10,BTCUSD_PERP,bid,57100,733.77
2024-09-12 22:43:10,BTCUSD_PERP,bid,57100,790.31
2024-09-12 22:43:23,BTCUSD_PERP,bid,57100,734.34
2024-09-12 22:43:24,BTCUSD_PERP,bid,57100,677.8
2024-09-12 22:43:24,BTCUSD_PERP,bid,57100,565.29
2024-09-12 22:52:49,BTCUSD_PERP,bid,57000,562.04
2024-09-12 22:53:54,BTCUSD_PERP,bid,57000,605.74
2024-09-12 22:57:17,BTCUSD_PERP,bid,57000,676.15
2024-09-12 22:58:15,BTCUSD_PERP,bid,57000,619.7
2024-09-12 23:02:56,BTCUSD_PERP,bid,57100,562.67
2024-09-12 23:02:57,BTCUSD_PERP,bid,57100,619.24
2024-09-12 23:03:00,BTCUSD_PERP,bid,57100,675.24
2024-09-12 23:05:20,BTCUSD_PERP,bid,57100,563.02
2024-09-12 23:05:25,BTCUSD_PERP,bid,57000,619.2
2024-09-12 23:10:25,BTCUSD_PERP,bid,57100,563.62
2024-09-12 23:14:41,BTCUSD_PERP,bid,57200,571.12
2024-09-12 23:14:41,BTCUSD_PERP,bid,57200,627.83
2024-09-12 23:14:41,BTCUSD_PERP,bid,57200,627.96
2024-09-12 23:14:43,BTCUSD_PERP,bid,57200,629.16
2024-09-12 23:15:13,BTCUSD_PERP,bid,57200,564.82
2024-09-12 23:15:32,BTCUSD_PERP,bid,57200,573.03
2024-09-12 23:15:35,BTCUSD_PERP,bid,57300,565.19
2024-09-12 23:15:35,BTCUSD_PERP,bid,57300,621.36
2024-09-12 23:15:46,BTCUSD_PERP,bid,57300,565.19
2024-09-12 23:15:47,BTCUSD_PERP,bid,57300,566.75
2024-09-12 23:15:47,BTCUSD_PERP,bid,57300,622.95
2024-09-12 23:16:15,BTCUSD_PERP,bid,57300,622.2
2024-09-12 23:16:59,BTCUSD_PERP,bid,57300,565.99
2024-09-12 23:17:08,BTCUSD_PERP,bid,57300,565.69
2024-09-12 23:25:27,BTCUSD_PERP,bid,57300,677.26
2024-09-12 23:26:06,BTCUSD_PERP,bid,57300,620.58
2024-09-12 23:26:06,BTCUSD_PERP,bid,57300,563.8
2024-09-12 23:26:08,BTCUSD_PERP,bid,57400,565.9
2024-09-12 23:27:40,BTCUSD_PERP,bid,57300,564.99
2024-09-12 23:28:32,BTCUSD_PERP,bid,57300,734.87
2024-09-12 23:28:32,BTCUSD_PERP,bid,57200,551.77
2024-09-12 23:28:32,BTCUSD_PERP,bid,57300,791.63
2024-09-12 23:31:13,BTCUSD_PERP,bid,57300,678.4
2024-09-12 23:31:13,BTCUSD_PERP,bid,57300,735.18
2024-09-12 23:31:13,BTCUSD_PERP,bid,57300,552.06
2024-09-12 23:31:13,BTCUSD_PERP,bid,57300,791.96
2024-09-12 23:32:06,BTCUSD_PERP,bid,57300,735.18
2024-09-12 23:32:06,BTCUSD_PERP,bid,57300,622.2
2024-09-12 23:32:06,BTCUSD_PERP,bid,57300,791.55
2024-09-12 23:32:06,BTCUSD_PERP,bid,57200,551.79
2024-09-12 23:32:59,BTCUSD_PERP,bid,57300,734.89
2024-09-12 23:32:59,BTCUSD_PERP,bid,57300,790.56
2024-09-12 23:32:59,BTCUSD_PERP,bid,57200,551.48
2024-09-12 23:32:59,BTCUSD_PERP,bid,57300,847.28
2024-09-12 23:33:10,BTCUSD_PERP,bid,57300,733.93
2024-09-12 23:33:10,BTCUSD_PERP,bid,57300,677.78
2024-09-12 23:33:10,BTCUSD_PERP,bid,57300,621.63
2024-09-12 23:33:10,BTCUSD_PERP,bid,57300,565.48
2024-09-12 23:33:11,BTCUSD_PERP,bid,57200,790.06
2024-09-12 23:33:11,BTCUSD_PERP,bid,57200,551.19
2024-09-12 23:33:11,BTCUSD_PERP,bid,57200,846.74
2024-09-12 23:34:07,BTCUSD_PERP,bid,57200,790.06
2024-09-12 23:34:07,BTCUSD_PERP,bid,57200,733.94
2024-09-12 23:34:07,BTCUSD_PERP,bid,57200,620.66
2024-09-12 23:34:08,BTCUSD_PERP,bid,57200,564.54
2024-09-12 23:34:08,BTCUSD_PERP,bid,57300,621.55
2024-09-12 23:34:09,BTCUSD_PERP,bid,57300,677.7
2024-09-12 23:34:09,BTCUSD_PERP,bid,57300,790.56
2024-09-12 23:34:09,BTCUSD_PERP,bid,57200,551.48
2024-09-12 23:34:09,BTCUSD_PERP,bid,57300,904.0
2024-09-12 23:34:20,BTCUSD_PERP,bid,57300,847.85
2024-09-12 23:34:20,BTCUSD_PERP,bid,57300,734.98
2024-09-12 23:34:20,BTCUSD_PERP,bid,57300,621.63
2024-09-12 23:34:21,BTCUSD_PERP,bid,57200,734.59
2024-09-12 23:34:21,BTCUSD_PERP,bid,57200,847.4
2024-09-12 23:34:21,BTCUSD_PERP,bid,57200,551.19
2024-09-12 23:34:21,BTCUSD_PERP,bid,57200,903.52
2024-09-12 23:35:02,BTCUSD_PERP,bid,57200,846.83
2024-09-12 23:35:02,BTCUSD_PERP,bid,57200,790.14
2024-09-12 23:35:03,BTCUSD_PERP,bid,57200,733.45
2024-09-12 23:35:03,BTCUSD_PERP,bid,57200,676.76
2024-09-12 23:35:03,BTCUSD_PERP,bid,57300,565.4
2024-09-12 23:35:16,BTCUSD_PERP,bid,57300,622.12
2024-09-12 23:35:17,BTCUSD_PERP,bid,57200,551.48
2024-09-12 23:35:17,BTCUSD_PERP,bid,57300,734.99
2024-09-12 23:36:32,BTCUSD_PERP,bid,57200,734.59
2024-09-12 23:36:32,BTCUSD_PERP,bid,57200,791.28
2024-09-12 23:37:04,BTCUSD_PERP,bid,57200,734.68
2024-09-12 23:37:04,BTCUSD_PERP,bid,57200,677.99
2024-09-12 23:37:04,BTCUSD_PERP,bid,57200,621.3
2024-09-12 23:37:04,BTCUSD_PERP,bid,57200,564.61
2024-09-12 23:37:05,BTCUSD_PERP,bid,57300,565.48
2024-09-12 23:37:05,BTCUSD_PERP,bid,57300,622.2
2024-09-12 23:46:56,BTCUSD_PERP,bid,57300,565.71
2024-09-12 23:48:30,BTCUSD_PERP,bid,57400,566.01
2024-09-12 23:48:30,BTCUSD_PERP,bid,57400,622.28
2024-09-12 23:53:05,BTCUSD_PERP,bid,57400,622.15
2024-09-12 23:53:06,BTCUSD_PERP,bid,57400,679.03
2024-09-12 23:53:14,BTCUSD_PERP,bid,57400,622.15
2024-09-12 23:53:14,BTCUSD_PERP,bid,57400,565.85
2024-09-12 23:53:16,BTCUSD_PERP,bid,57400,623.06
2024-09-12 23:57:04,BTCUSD_PERP,bid,57400,566.15
2024-09-12 23:57:33,BTCUSD_PERP,bid,57600,526.5
2024-09-12 23:57:33,BTCUSD_PERP,bid,57600,583.52
2024-09-12 23:57:33,BTCUSD_PERP,bid,57600,697.56
2024-09-12 23:57:33,BTCUSD_PERP,bid,57600,754.58
2024-09-12 23:57:33,BTCUSD_PERP,bid,57600,811.02
2024-09-12 23:57:33,BTCUSD_PERP,bid,57600,868.04
2024-09-12 23:58:32,BTCUSD_PERP,bid,57600,640.54
2024-09-13 00:01:36,BTCUSD_PERP,bid,57500,567.76
2024-09-13 00:02:44,BTCUSD_PERP,bid,57500,624.46
2024-09-13 00:02:57,BTCUSD_PERP,bid,57500,568.05
2024-09-13 00:04:20,BTCUSD_PERP,bid,57600,567.49
2024-09-13 00:04:20,BTCUSD_PERP,bid,57600,624.54
2024-09-13 00:04:20,BTCUSD_PERP,bid,57600,738.64
2024-09-13 00:04:20,BTCUSD_PERP,bid,57600,795.11
2024-09-13 00:05:40,BTCUSD_PERP,bid,57600,738.06
2024-09-13 00:05:40,BTCUSD_PERP,bid,57600,681.01
2024-09-13 00:05:40,BTCUSD_PERP,bid,57600,623.96
2024-09-13 00:05:40,BTCUSD_PERP,bid,57500,795.16
2024-09-13 00:06:06,BTCUSD_PERP,bid,57500,681.35
2024-09-13 00:06:55,BTCUSD_PERP,bid,57500,567.12
2024-09-13 00:06:55,BTCUSD_PERP,bid,57500,624.07
2024-09-13 00:11:15,BTCUSD_PERP,bid,57700,626.49
2024-09-13 00:11:30,BTCUSD_PERP,bid,57700,569.37
2024-09-13 00:11:30,BTCUSD_PERP,bid,57600,569.65
2024-09-13 00:11:30,BTCUSD_PERP,bid,57600,626.16
2024-09-13 00:12:40,BTCUSD_PERP,bid,57600,569.01
2024-09-13 00:14:49,BTCUSD_PERP,bid,57600,568.86
2024-09-13 00:14:50,BTCUSD_PERP,bid,57600,625.34
2024-09-13 00:14:54,BTCUSD_PERP,bid,57600,625.48
2024-09-13 00:14:55,BTCUSD_PERP,bid,57600,625.62
2024-09-13 00:14:55,BTCUSD_PERP,bid,57600,625.76
2024-09-13 00:14:57,BTCUSD_PERP,bid,57600,625.9
2024-09-13 00:15:47,BTCUSD_PERP,bid,57600,569.54
2024-09-13 00:15:48,BTCUSD_PERP,bid,57600,626.64
2024-09-13 00:16:29,BTCUSD_PERP,bid,57600,569.54
2024-09-13 00:16:30,BTCUSD_PERP,bid,57700,570.14
2024-09-13 00:16:30,BTCUSD_PERP,bid,57700,626.7
2024-09-13 00:16:30,BTCUSD_PERP,bid,57700,683.26
2024-09-13 00:17:08,BTCUSD_PERP,bid,57700,626.12
2024-09-13 00:17:08,BTCUSD_PERP,bid,57700,568.98
2024-09-13 00:17:09,BTCUSD_PERP,bid,57700,569.86
2024-09-13 00:17:09,BTCUSD_PERP,bid,57700,626.45
2024-09-13 00:17:09,BTCUSD_PERP,bid,57700,683.04
2024-09-13 00:17:09,BTCUSD_PERP,bid,57700,739.62
2024-09-13 00:17:32,BTCUSD_PERP,bid,57700,682.45
2024-09-13 00:17:32,BTCUSD_PERP,bid,57700,568.69
2024-09-13 00:17:32,BTCUSD_PERP,bid,57700,682.67
2024-09-13 00:17:32,BTCUSD_PERP,bid,57700,739.81
2024-09-13 00:17:33,BTCUSD_PERP,bid,57700,796.37
2024-09-13 00:17:59,BTCUSD_PERP,bid,57700,626.7
2024-09-13 00:17:59,BTCUSD_PERP,bid,57700,569.66
2024-09-13 00:18:33,BTCUSD_PERP,bid,57700,569.08
2024-09-13 00:21:11,BTCUSD_PERP,bid,57700,626.88
2024-09-13 00:21:11,BTCUSD_PERP,bid,57700,683.5
2024-09-13 00:21:11,BTCUSD_PERP,bid,57700,740.71
2024-09-13 00:21:11,BTCUSD_PERP,bid,57700,797.92
2024-09-13 00:23:45,BTCUSD_PERP,bid,57700,740.32
2024-09-13 00:23:46,BTCUSD_PERP,bid,57700,797.5
2024-09-13 00:24:17,BTCUSD_PERP,bid,57700,740.32
2024-09-13 00:24:17,BTCUSD_PERP,bid,57700,569.36
2024-09-13 00:24:18,BTCUSD_PERP,bid,57700,683.52
2024-09-13 00:24:18,BTCUSD_PERP,bid,57700,740.73
2024-09-13 00:24:19,BTCUSD_PERP,bid,57700,797.36
2024-09-13 00:25:08,BTCUSD_PERP,bid,57700,739.74
2024-09-13 00:25:08,BTCUSD_PERP,bid,57700,796.92
2024-09-13 00:25:43,BTCUSD_PERP,bid,57700,569.94
2024-09-13 00:25:51,BTCUSD_PERP,bid,57700,569.33
2024-09-13 00:25:51,BTCUSD_PERP,bid,57700,796.04
2024-09-13 00:25:51,BTCUSD_PERP,bid,57700,853.16
2024-09-13 00:26:00,BTCUSD_PERP,bid,57600,795.6
2024-09-13 00:26:00,BTCUSD_PERP,bid,57600,852.68
2024-09-13 00:26:19,BTCUSD_PERP,bid,57600,739.09
2024-09-13 00:26:19,BTCUSD_PERP,bid,57600,682.01
2024-09-13 00:26:19,BTCUSD_PERP,bid,57600,625.5
2024-09-13 00:26:19,BTCUSD_PERP,bid,57600,568.42
2024-09-13 00:31:00,BTCUSD_PERP,bid,57600,568.0
2024-09-13 00:31:33,BTCUSD_PERP,bid,57600,567.51
2024-09-13 00:32:38,BTCUSD_PERP,bid,57600,568.92
2024-09-13 00:32:39,BTCUSD_PERP,bid,57600,625.45
2024-09-13 00:32:39,BTCUSD_PERP,bid,57600,739.67
2024-09-13 00:33:37,BTCUSD_PERP,bid,57600,625.56
2024-09-13 00:33:37,BTCUSD_PERP,bid,57600,682.64
2024-09-13 00:33:38,BTCUSD_PERP,bid,57600,739.14
2024-09-13 00:34:00,BTCUSD_PERP,bid,57600,625.56
2024-09-13 00:34:00,BTCUSD_PERP,bid,57600,568.48
2024-09-13 00:36:11,BTCUSD_PERP,bid,57700,625.73
2024-09-13 00:36:11,BTCUSD_PERP,bid,57700,682.88
2024-09-13 00:36:11,BTCUSD_PERP,bid,57700,740.03
2024-09-13 00:36:24,BTCUSD_PERP,bid,57700,625.73
2024-09-13 00:36:25,BTCUSD_PERP,bid,57700,570.06
2024-09-13 00:36:26,BTCUSD_PERP,bid,57700,626.66
2024-09-13 00:36:26,BTCUSD_PERP,bid,57700,683.26
2024-09-13 00:36:26,BTCUSD_PERP,bid,57700,740.44
2024-09-13 00:37:23,BTCUSD_PERP,bid,57700,569.18
2024-09-13 00:37:24,BTCUSD_PERP,bid,57700,626.33
2024-09-13 00:37:24,BTCUSD_PERP,bid,57700,683.48
2024-09-13 00:42:17,BTCUSD_PERP,bid,57700,626.91
2024-09-13 00:47:44,BTCUSD_PERP,bid,57700,626.88
2024-09-13 00:48:44,BTCUSD_PERP,bid,57700,625.97
2024-09-13 00:48:44,BTCUSD_PERP,bid,57700,683.14
2024-09-13 00:51:16,BTCUSD_PERP,bid,57800,567.73
2024-09-13 00:52:06,BTCUSD_PERP,bid,57800,526.23
2024-09-13 00:52:06,BTCUSD_PERP,bid,57800,583.51
2024-09-13 00:52:07,BTCUSD_PERP,bid,57800,698.07
2024-09-13 00:52:07,BTCUSD_PERP,bid,57800,869.32
2024-09-13 00:52:07,BTCUSD_PERP,bid,57800,926.01
2024-09-13 00:52:07,BTCUSD_PERP,bid,57800,982.7
2024-09-13 00:53:09,BTCUSD_PERP,bid,57800,698.06
2024-09-13 00:53:09,BTCUSD_PERP,bid,57800,797.9
2024-09-13 00:53:09,BTCUSD_PERP,bid,57800,855.15
2024-09-13 00:53:49,BTCUSD_PERP,bid,57800,683.98
2024-09-13 00:53:50,BTCUSD_PERP,bid,57800,626.73
2024-09-13 00:53:51,BTCUSD_PERP,bid,57800,684.48
2024-09-13 00:54:36,BTCUSD_PERP,bid,57800,627.3
2024-09-13 00:54:36,BTCUSD_PERP,bid,57800,570.62
2024-09-13 00:54:38,BTCUSD_PERP,bid,57900,570.88
2024-09-13 01:14:08,BTCUSD_PERP,ask,58900,515.6
2024-09-13 01:14:09,BTCUSD_PERP,ask,58900,525.02
2024-09-13 01:14:13,BTCUSD_PERP,ask,58900,534.44
2024-09-13 01:14:18,BTCUSD_PERP,ask,58900,540.32
2024-09-13 01:14:50,BTCUSD_PERP,ask,58900,534.43
2024-09-13 01:14:53,BTCUSD_PERP,ask,58900,525.01
2024-09-13 01:14:55,BTCUSD_PERP,ask,58900,515.59
2024-09-13 01:15:20,BTCUSD_PERP,bid,57800,570.56
2024-09-13 01:17:10,BTCUSD_PERP,bid,57900,628.77
2024-09-13 01:18:30,BTCUSD_PERP,bid,57800,571.08
2024-09-13 01:18:30,BTCUSD_PERP,bid,57800,628.36
2024-09-13 01:19:36,BTCUSD_PERP,bid,57800,629.18
2024-09-13 01:19:36,BTCUSD_PERP,bid,57800,686.44
2024-09-13 01:20:58,BTCUSD_PERP,bid,57800,571.92
2024-09-13 01:20:59,BTCUSD_PERP,bid,57800,569.96
2024-09-13 01:21:43,BTCUSD_PERP,bid,57800,570.07
2024-09-13 01:21:44,BTCUSD_PERP,bid,57800,627.33
2024-09-13 01:21:44,BTCUSD_PERP,bid,57800,684.49
2024-09-13 01:21:49,BTCUSD_PERP,bid,57800,569.97
2024-09-13 01:21:49,BTCUSD_PERP,bid,57800,570.0
2024-09-13 01:21:49,BTCUSD_PERP,bid,57800,571.21
2024-09-13 01:21:49,BTCUSD_PERP,bid,57800,628.5
2024-09-13 01:21:50,BTCUSD_PERP,bid,57800,742.49
2024-09-13 01:21:50,BTCUSD_PERP,bid,57800,856.97
2024-09-13 01:21:57,BTCUSD_PERP,bid,57800,857.11
2024-09-13 01:21:57,BTCUSD_PERP,bid,57800,857.25
2024-09-13 01:22:21,BTCUSD_PERP,bid,57800,799.96
2024-09-13 01:22:21,BTCUSD_PERP,bid,57800,685.96
2024-09-13 01:22:21,BTCUSD_PERP,bid,57800,572.54
2024-09-13 01:22:22,BTCUSD_PERP,bid,57900,570.28
2024-09-13 01:22:22,BTCUSD_PERP,bid,57900,627.61
2024-09-13 01:22:23,BTCUSD_PERP,bid,57900,684.94
2024-09-13 01:22:23,BTCUSD_PERP,bid,57900,799.02
2024-09-13 01:22:32,BTCUSD_PERP,bid,57900,627.61
2024-09-13 01:22:32,BTCUSD_PERP,bid,57900,570.28
2024-09-13 01:23:17,BTCUSD_PERP,bid,57900,627.61
2024-09-13 01:23:48,BTCUSD_PERP,bid,57800,627.28
2024-09-13 01:23:48,BTCUSD_PERP,bid,57800,684.58
2024-09-13 01:24:21,BTCUSD_PERP,bid,57900,627.61
2024-09-13 01:24:21,BTCUSD_PERP,bid,57900,684.94
2024-09-13 01:25:07,BTCUSD_PERP,bid,57900,571.18
2024-09-13 01:25:08,BTCUSD_PERP,bid,57900,627.96
2024-09-13 01:25:08,BTCUSD_PERP,bid,57900,685.32
2024-09-13 01:25:14,BTCUSD_PERP,bid,57900,685.46
2024-09-13 01:27:40,BTCUSD_PERP,bid,57900,628.1
2024-09-13 01:27:40,BTCUSD_PERP,bid,57900,570.86
2024-09-13 01:27:40,BTCUSD_PERP,bid,57900,628.19
2024-09-13 01:29:22,BTCUSD_PERP,bid,57900,570.86
2024-09-13 01:29:23,BTCUSD_PERP,bid,57800,570.57
2024-09-13 01:29:23,BTCUSD_PERP,bid,57800,627.87
2024-09-13 01:30:27,BTCUSD_PERP,bid,57800,570.57
2024-09-13 01:31:43,BTCUSD_PERP,bid,57700,742.21
2024-09-13 01:31:43,BTCUSD_PERP,bid,57700,740.62
2024-09-13 01:32:05,BTCUSD_PERP,bid,57800,570.56
2024-09-13 01:32:05,BTCUSD_PERP,bid,57800,627.21
2024-09-13 01:32:05,BTCUSD_PERP,bid,57800,684.45
2024-09-13 01:32:05,BTCUSD_PERP,bid,57800,741.1
2024-09-13 01:32:06,BTCUSD_PERP,bid,57800,855.58
2024-09-13 01:33:13,BTCUSD_PERP,bid,57800,684.44
2024-09-13 01:37:34,BTCUSD_PERP,bid,57800,570.78
2024-09-13 01:48:56,BTCUSD_PERP,bid,57800,683.84
2024-09-13 01:48:56,BTCUSD_PERP,bid,57800,741.08
2024-09-13 01:49:01,BTCUSD_PERP,bid,57800,684.43
2024-09-13 01:49:39,BTCUSD_PERP,bid,57700,569.95
2024-09-13 01:49:39,BTCUSD_PERP,bid,57700,627.02
2024-09-13 01:50:01,BTCUSD_PERP,bid,57700,570.44
2024-09-13 01:50:02,BTCUSD_PERP,bid,57700,536.11
2024-09-13 01:50:02,BTCUSD_PERP,bid,57700,593.32
2024-09-13 01:50:03,BTCUSD_PERP,bid,57700,649.94
2024-09-13 01:50:03,BTCUSD_PERP,bid,57700,706.57
2024-09-13 01:50:03,BTCUSD_PERP,bid,57700,763.78
2024-09-13 01:50:03,BTCUSD_PERP,bid,57700,820.99
2024-09-13 01:50:03,BTCUSD_PERP,bid,57700,878.2
2024-09-13 01:50:27,BTCUSD_PERP,bid,57700,741.18
2024-09-13 01:50:27,BTCUSD_PERP,bid,57700,798.35
2024-09-13 01:51:22,BTCUSD_PERP,bid,57600,569.74
2024-09-13 01:51:22,BTCUSD_PERP,bid,57600,683.36
2024-09-13 01:51:22,BTCUSD_PERP,bid,57600,740.46
2024-09-13 01:51:27,BTCUSD_PERP,bid,57600,683.46
2024-09-13 01:51:28,BTCUSD_PERP,bid,57600,569.7
2024-09-13 01:51:28,BTCUSD_PERP,bid,57600,626.77
2024-09-13 01:51:41,BTCUSD_PERP,bid,57600,625.51
2024-09-13 01:52:14,BTCUSD_PERP,bid,57400,680.96
2024-09-13 01:53:01,BTCUSD_PERP,bid,57400,737.99
2024-09-13 01:53:01,BTCUSD_PERP,bid,57400,794.9
2024-09-13 01:53:15,BTCUSD_PERP,bid,57400,738.09
2024-09-13 01:53:15,BTCUSD_PERP,bid,57400,624.85
2024-09-13 01:53:15,BTCUSD_PERP,bid,57400,568.52
2024-09-13 01:53:25,BTCUSD_PERP,bid,57500,569.12
2024-09-13 01:53:25,BTCUSD_PERP,bid,57500,682.39
2024-09-13 01:53:25,BTCUSD_PERP,bid,57500,738.78
2024-09-13 01:53:26,BTCUSD_PERP,bid,57500,795.17
2024-09-13 01:53:26,BTCUSD_PERP,bid,57500,966.08
2024-09-13 01:53:26,BTCUSD_PERP,bid,57500,1022.47
2024-09-13 01:54:12,BTCUSD_PERP,bid,57500,965.5
2024-09-13 01:54:12,BTCUSD_PERP,bid,57500,567.58
2024-09-13 01:54:12,BTCUSD_PERP,bid,57500,965.0
2024-09-13 01:54:12,BTCUSD_PERP,bid,57500,1021.94
2024-09-13 01:54:17,BTCUSD_PERP,bid,57500,737.9
2024-09-13 01:54:18,BTCUSD_PERP,bid,57500,624.6
2024-09-13 01:54:18,BTCUSD_PERP,bid,57500,567.66
2024-09-13 01:54:19,BTCUSD_PERP,bid,57500,568.64
2024-09-13 01:54:19,BTCUSD_PERP,bid,57500,625.04
2024-09-13 01:54:53,BTCUSD_PERP,bid,57500,568.06
2024-09-13 01:54:55,BTCUSD_PERP,bid,57500,682.2
2024-09-13 01:54:55,BTCUSD_PERP,bid,57500,739.2
2024-09-13 01:54:55,BTCUSD_PERP,bid,57500,796.2
2024-09-13 01:55:01,BTCUSD_PERP,bid,57500,626.34
2024-09-13 01:55:01,BTCUSD_PERP,bid,57500,569.34
2024-09-13 01:55:54,BTCUSD_PERP,bid,57600,567.98
2024-09-13 01:56:29,BTCUSD_PERP,bid,57600,568.55
2024-09-13 01:56:29,BTCUSD_PERP,bid,57600,625.59
2024-09-13 01:56:55,BTCUSD_PERP,bid,57500,568.27
2024-09-13 01:56:55,BTCUSD_PERP,bid,57500,625.28
2024-09-13 01:57:06,BTCUSD_PERP,bid,57500,738.89
2024-09-13 01:57:06,BTCUSD_PERP,bid,57500,795.87
2024-09-13 01:57:28,BTCUSD_PERP,bid,57500,799.14
2024-09-13 01:57:38,BTCUSD_PERP,bid,57500,797.94
2024-09-13 01:57:42,BTCUSD_PERP,bid,57500,740.96
2024-09-13 01:57:42,BTCUSD_PERP,bid,57500,683.98
2024-09-13 01:57:42,BTCUSD_PERP,bid,57500,570.02
2024-09-13 02:07:44,BTCUSD_PERP,bid,57700,569.58
2024-09-13 02:07:44,BTCUSD_PERP,bid,57700,626.77
2024-09-13 02:07:44,BTCUSD_PERP,bid,57700,683.96
2024-09-13 02:07:44,BTCUSD_PERP,bid,57700,740.57
2024-09-13 02:07:44,BTCUSD_PERP,bid,57700,854.26
2024-09-13 02:07:44,BTCUSD_PERP,bid,57700,911.45
2024-09-13 02:07:44,BTCUSD_PERP,bid,57700,968.64
2024-09-13 02:08:02,BTCUSD_PERP,bid,57700,912.03
2024-09-13 02:08:02,BTCUSD_PERP,bid,57700,855.42
2024-09-13 02:08:02,BTCUSD_PERP,bid,57700,798.23
2024-09-13 02:08:02,BTCUSD_PERP,bid,57700,741.04
2024-09-13 02:08:03,BTCUSD_PERP,bid,57700,684.43
2024-09-13 02:08:03,BTCUSD_PERP,bid,57800,570.06
2024-09-13 02:08:03,BTCUSD_PERP,bid,57800,627.3
2024-09-13 02:08:03,BTCUSD_PERP,bid,57800,798.44
2024-09-13 02:08:04,BTCUSD_PERP,bid,57800,855.58
2024-09-13 02:08:04,BTCUSD_PERP,bid,57800,856.79
2024-09-13 02:08:07,BTCUSD_PERP,bid,57800,742.31
2024-09-13 02:08:08,BTCUSD_PERP,bid,57800,685.07
2024-09-13 02:08:08,BTCUSD_PERP,bid,57800,571.27
2024-09-13 02:08:43,BTCUSD_PERP,bid,57800,570.11
2024-09-13 02:08:43,BTCUSD_PERP,bid,57800,626.84
2024-09-13 02:09:04,BTCUSD_PERP,bid,57800,570.11
