2024-09-01 07:02:57,BTCUSDT,ask,59900,632.387
2024-09-01 07:04:02,BTCUSDT,bid,55800,735.752
2024-09-01 07:04:32,BTCUSDT,ask,59900,632.555
2024-09-01 07:05:37,BTCUSDT,bid,47100,800.035
2024-09-01 07:05:37,BTCUSDT,bid,47100,800.035
2024-09-01 07:05:37,BTCUSDT,bid,47100,800.035
2024-09-01 07:05:37,BTCUSDT,bid,47100,800.032
2024-09-01 07:05:37,BTCUSDT,bid,47100,800.032
2024-09-01 07:05:38,BTCUSDT,bid,47100,800.032
2024-09-01 07:05:38,BTCUSDT,bid,47100,800.032
2024-09-01 07:05:38,BTCUSDT,bid,47100,800.032
2024-09-01 07:05:38,BTCUSDT,bid,47100,800.032
2024-09-01 07:05:39,BTCUSDT,bid,47100,800.035
2024-09-01 07:05:39,BTCUSDT,bid,47100,800.035
2024-09-01 07:05:39,BTCUSDT,bid,47100,800.032
2024-09-01 07:05:39,BTCUSDT,bid,47100,800.032
2024-09-01 07:05:39,BTCUSDT,bid,47100,800.036
2024-09-01 07:05:40,BTCUSDT,bid,47100,800.032
2024-09-01 07:05:40,BTCUSDT,bid,47100,800.032
2024-09-01 07:05:40,BTCUSDT,bid,47100,800.032
2024-09-01 07:05:40,BTCUSDT,bid,47100,800.032
2024-09-01 07:05:40,BTCUSDT,bid,47100,800.035
2024-09-01 07:05:41,BTCUSDT,bid,47100,800.032
2024-09-01 07:05:41,BTCUSDT,bid,47100,800.032
2024-09-01 07:05:41,BTCUSDT,bid,47100,800.032
2024-09-01 07:05:41,BTCUSDT,bid,47100,800.032
2024-09-01 07:05:41,BTCUSDT,bid,47100,800.032
2024-09-01 07:05:41,BTCUSDT,bid,47100,800.032
2024-09-01 07:05:42,BTCUSDT,bid,47100,800.032
2024-09-01 07:05:42,BTCUSDT,bid,47100,800.032
2024-09-01 07:05:42,BTCUSDT,bid,47100,800.032
2024-09-01 07:05:42,BTCUSDT,bid,47100,800.035
2024-09-01 07:05:43,BTCUSDT,bid,47100,800.032
2024-09-01 07:05:43,BTCUSDT,bid,47100,800.032
2024-09-01 07:05:43,BTCUSDT,bid,47100,800.035
2024-09-01 07:05:43,BTCUSDT,bid,47100,800.032
2024-09-01 07:05:44,BTCUSDT,bid,47100,800.032
2024-09-01 07:05:44,BTCUSDT,bid,47100,800.032
2024-09-01 07:05:44,BTCUSDT,bid,47100,800.032
2024-09-01 07:05:45,BTCUSDT,bid,47100,800.032
2024-09-01 07:05:45,BTCUSDT,bid,47100,800.032
2024-09-01 07:05:45,BTCUSDT,bid,47100,800.035
2024-09-01 07:05:45,BTCUSDT,bid,47100,800.032
2024-09-01 07:05:45,BTCUSDT,bid,47100,800.035
2024-09-01 07:05:45,BTCUSDT,bid,47100,800.035
2024-09-01 07:05:45,BTCUSDT,bid,47100,800.032
2024-09-01 07:05:46,BTCUSDT,bid,47100,800.032
2024-09-01 07:05:46,BTCUSDT,bid,47100,800.032
2024-09-01 07:05:46,BTCUSDT,bid,47100,800.032
2024-09-01 07:05:46,BTCUSDT,bid,47100,800.032
2024-09-01 07:05:46,BTCUSDT,bid,47100,800.032
2024-09-01 07:05:47,BTCUSDT,bid,47100,800.032
2024-09-01 07:05:47,BTCUSDT,bid,47100,800.032
2024-09-01 07:05:47,BTCUSDT,bid,47100,800.032
2024-09-01 07:05:47,BTCUSDT,bid,47100,800.032
2024-09-01 07:05:47,BTCUSDT,bid,47100,800.032
2024-09-01 07:05:48,BTCUSDT,bid,47100,800.032
2024-09-01 07:05:48,BTCUSDT,bid,47100,800.035
2024-09-01 07:05:48,BTCUSDT,bid,47100,800.032
2024-09-01 07:05:48,BTCUSDT,bid,47100,800.035
2024-09-01 07:05:48,BTCUSDT,bid,47100,800.039
2024-09-01 07:05:48,BTCUSDT,bid,47100,800.032
2024-09-01 07:05:49,BTCUSDT,bid,47100,800.035
2024-09-01 07:05:49,BTCUSDT,bid,47100,800.032
2024-09-01 07:05:49,BTCUSDT,bid,47100,800.032
2024-09-01 07:05:50,BTCUSDT,bid,47100,800.035
2024-09-01 07:05:50,BTCUSDT,bid,47100,800.036
2024-09-01 07:05:50,BTCUSDT,bid,47100,800.032
2024-09-01 07:05:50,BTCUSDT,bid,47100,800.035
2024-09-01 07:05:50,BTCUSDT,bid,47100,800.032
2024-09-01 07:05:50,BTCUSDT,bid,47100,800.032
2024-09-01 07:05:50,BTCUSDT,bid,47100,800.035
2024-09-01 07:05:50,BTCUSDT,bid,47100,800.032
