2024-08-20 07:14:34,BTCUSDT,ask,65000,541.789
2024-08-20 07:18:09,BTCUSDT,ask,65500,517.402
2024-08-20 07:20:16,BTCUSDT,ask,65000,541.874
2024-08-20 07:21:14,BTCUSDT,ask,65000,541.855
2024-08-20 07:26:12,BTCUSDT,ask,65000,541.853
2024-08-20 07:00:22,BTCUSD_PERP,bid,58900,533.35
2024-08-20 07:00:23,BTCUSD_PERP,bid,58900,522.44
2024-08-20 07:01:26,BTCUSD_PERP,bid,58900,580.74
2024-08-20 07:01:26,BTCUSD_PERP,bid,58900,639.12
2024-08-20 07:01:27,BTCUSD_PERP,bid,58900,641.23
2024-08-20 07:01:28,BTCUSD_PERP,bid,58900,655.36
2024-08-20 07:04:14,BTCUSD_PERP,bid,58900,522.86
2024-08-20 07:04:14,BTCUSD_PERP,bid,58900,639.01
2024-08-20 07:05:23,BTCUSD_PERP,bid,58900,638.59
2024-08-20 07:07:04,BTCUSD_PERP,bid,58800,582.65
2024-08-20 07:09:05,BTCUSD_PERP,bid,58800,580.54
2024-08-20 07:11:23,BTCUSD_PERP,bid,58800,522.83
2024-08-20 07:16:16,BTCUSD_PERP,bid,58800,637.93
2024-08-20 07:16:17,BTCUSD_PERP,bid,58800,696.2
2024-08-20 07:16:31,BTCUSD_PERP,bid,58800,638.52
2024-08-20 07:16:31,BTCUSD_PERP,bid,58800,580.25
2024-08-20 07:16:31,BTCUSD_PERP,bid,58800,522.57
2024-08-20 07:16:33,BTCUSD_PERP,bid,58800,566.84
2024-08-20 07:16:33,BTCUSD_PERP,bid,58800,522.4
2024-08-20 07:16:33,BTCUSD_PERP,bid,58800,580.71
2024-08-20 07:16:33,BTCUSD_PERP,bid,58800,638.92
2024-08-20 07:17:10,BTCUSD_PERP,bid,58800,522.9
2024-08-20 07:17:11,BTCUSD_PERP,bid,58900,522.68
2024-08-20 07:17:11,BTCUSD_PERP,bid,58900,581.02
2024-08-20 07:17:12,BTCUSD_PERP,bid,58900,638.76
2024-08-20 07:17:28,BTCUSD_PERP,bid,58900,580.42
2024-08-20 07:17:28,BTCUSD_PERP,bid,58900,522.08
2024-08-20 07:17:30,BTCUSD_PERP,bid,58900,522.88
2024-08-20 07:17:30,BTCUSD_PERP,bid,58900,697.4
2024-08-20 07:17:31,BTCUSD_PERP,bid,58900,698.63
2024-08-20 07:17:47,BTCUSD_PERP,bid,58900,581.89
2024-08-20 07:17:48,BTCUSD_PERP,bid,59000,650.53
2024-08-20 07:17:48,BTCUSD_PERP,bid,59000,825.07
2024-08-20 07:17:48,BTCUSD_PERP,bid,59000,999.71
2024-08-20 07:18:51,BTCUSD_PERP,ask,64800,608.83
2024-08-20 07:18:55,BTCUSD_PERP,bid,59000,766.17
2024-08-20 07:18:55,BTCUSD_PERP,bid,58900,930.98
2024-08-20 07:18:55,BTCUSD_PERP,bid,58900,989.36
2024-08-20 07:20:13,BTCUSD_PERP,bid,58900,930.98
2024-08-20 07:21:02,BTCUSD_PERP,bid,58900,814.22
2024-08-20 07:21:03,BTCUSD_PERP,bid,58900,756.44
2024-08-20 07:21:03,BTCUSD_PERP,bid,58900,639.68
2024-08-20 07:21:03,BTCUSD_PERP,bid,58900,581.3
2024-08-20 07:21:03,BTCUSD_PERP,bid,58900,522.92
2024-08-20 07:21:03,BTCUSD_PERP,bid,59000,523.29
2024-08-20 07:21:04,BTCUSD_PERP,bid,59000,640.01
2024-08-20 07:21:04,BTCUSD_PERP,bid,59000,814.05
2024-08-20 07:21:04,BTCUSD_PERP,bid,59000,871.87
2024-08-20 07:21:04,BTCUSD_PERP,bid,59000,929.68
2024-08-20 07:21:04,BTCUSD_PERP,bid,59000,988.09
2024-08-20 07:21:04,BTCUSD_PERP,bid,59000,1046.5
2024-08-20 07:22:25,BTCUSD_PERP,bid,59000,988.69
2024-08-20 07:22:25,BTCUSD_PERP,bid,59000,930.88
2024-08-20 07:22:25,BTCUSD_PERP,bid,59000,872.57
2024-08-20 07:22:25,BTCUSD_PERP,bid,59000,814.16
2024-08-20 07:22:26,BTCUSD_PERP,bid,59000,697.94
2024-08-20 07:22:26,BTCUSD_PERP,bid,59000,640.12
2024-08-20 07:22:26,BTCUSD_PERP,bid,59000,582.31
2024-08-20 07:22:26,BTCUSD_PERP,bid,59000,523.4
2024-08-20 07:22:26,BTCUSD_PERP,bid,59000,524.5
2024-08-20 07:22:26,BTCUSD_PERP,bid,59000,581.23
2024-08-20 07:24:18,BTCUSD_PERP,bid,59000,533.94
2024-08-20 07:24:18,BTCUSD_PERP,bid,59000,708.84
2024-08-20 07:24:18,BTCUSD_PERP,bid,59000,825.24
2024-08-20 07:24:19,BTCUSD_PERP,bid,59000,519.96
2024-08-20 07:24:19,BTCUSD_PERP,bid,59000,520.06
2024-08-20 07:24:19,BTCUSD_PERP,bid,59000,942.14
2024-08-20 07:24:22,BTCUSD_PERP,bid,59000,883.64
2024-08-20 07:24:22,BTCUSD_PERP,bid,59000,767.84
2024-08-20 07:24:22,BTCUSD_PERP,bid,59000,651.44
2024-08-20 07:24:22,BTCUSD_PERP,bid,59000,592.94
2024-08-20 07:25:21,BTCUSD_PERP,bid,59300,584.9
2024-08-20 07:25:22,BTCUSD_PERP,bid,59300,643.64
2024-08-20 07:25:22,BTCUSD_PERP,bid,59300,819.26
2024-08-20 07:25:22,BTCUSD_PERP,bid,59300,877.4
2024-08-20 07:25:27,BTCUSD_PERP,bid,59300,818.76
2024-08-20 07:25:27,BTCUSD_PERP,bid,59300,760.02
2024-08-20 07:25:27,BTCUSD_PERP,bid,59300,701.88
2024-08-20 07:25:27,BTCUSD_PERP,bid,59300,643.74
2024-08-20 07:25:27,BTCUSD_PERP,bid,59300,585.0
2024-08-20 07:26:05,BTCUSD_PERP,bid,59400,586.28
2024-08-20 07:26:05,BTCUSD_PERP,bid,59400,645.05
2024-08-20 07:26:06,BTCUSD_PERP,bid,59400,654.95
2024-08-20 07:26:06,BTCUSD_PERP,bid,59400,772.69
2024-08-20 07:26:20,BTCUSD_PERP,bid,59400,655.55
2024-08-20 07:26:20,BTCUSD_PERP,bid,59400,820.55
2024-08-20 07:26:20,BTCUSD_PERP,bid,59300,513.17
2024-08-20 07:26:20,BTCUSD_PERP,bid,59400,879.38
2024-08-20 07:26:34,BTCUSD_PERP,bid,59400,762.32
2024-08-20 07:26:34,BTCUSD_PERP,bid,59400,703.49
2024-08-20 07:26:34,BTCUSD_PERP,bid,59400,586.42
2024-08-20 07:26:34,BTCUSD_PERP,bid,59400,527.59
