2024-09-08 12:04:45,SOLUSDT,bid,120,23378.0
2024-09-08 12:05:13,SOLUSDT,ask,135,11050.0
2024-09-08 12:05:26,SOLUSDT,bid,115,16022.0
2024-09-08 12:05:55,SOLUSDT,bid,120,23377.0
2024-09-08 12:05:55,SOLUSDT,ask,134,9413.0
2024-09-08 12:05:55,SOLUSDT,ask,136,8175.0
2024-09-08 12:06:02,SOLUSDT,bid,121,17198.0
2024-09-08 12:06:44,SOLUSDT,bid,120,23378.0
2024-09-08 12:06:44,SOLUSDT,ask,134,9414.0
2024-09-08 12:06:44,SOLUSDT,ask,136,8176.0
2024-09-08 12:07:30,SOLUSDT,ask,133,9396.0
2024-09-08 12:07:34,SOLUSDT,bid,121,17154.0
2024-09-08 12:07:51,SOLUSDT,bid,108,55350.0
2024-09-08 12:08:23,SOLUSDT,bid,105,106065.0
2024-09-08 12:08:52,SOLUSDT,bid,86,59024.0
2024-09-08 12:09:20,SOLUSDT,bid,105,107772.0
2024-09-08 12:10:15,SOLUSDT,bid,110,120297.0
2024-09-08 12:10:50,SOLUSDT,ask,131,10978.0
2024-09-08 12:10:50,SOLUSDT,bid,120,23654.0
2024-09-08 12:11:09,SOLUSDT,bid,120,23652.0
2024-09-08 12:11:28,SOLUSDT,ask,134,9413.0
2024-09-08 12:11:47,SOLUSDT,bid,120,23651.0
2024-09-08 12:12:23,SOLUSDT,bid,110,120293.0
2024-09-08 12:13:54,SOLUSDT,bid,121,17155.0
2024-09-08 12:15:20,SOLUSDT,bid,120,23641.0
2024-09-08 12:15:37,SOLUSDT,ask,131,10977.0
2024-09-08 12:16:11,SOLUSDT,bid,120,23637.0
2024-09-08 12:16:17,SOLUSDT,bid,121,17153.0
2024-09-08 12:16:23,SOLUSDT,bid,110,120230.0
2024-09-08 12:16:49,SOLUSDT,bid,120,23635.0
2024-09-08 12:16:49,SOLUSDT,ask,150,16724.0
2024-09-08 12:17:18,SOLUSDT,bid,121,17152.0
2024-09-08 12:17:23,SOLUSDT,bid,120,23359.0
2024-09-08 12:17:45,SOLUSDT,bid,110,120193.0
2024-09-08 12:17:47,SOLUSDT,bid,120,23364.0
2024-09-08 12:18:10,SOLUSDT,ask,134,9412.0
2024-09-08 12:18:11,SOLUSDT,ask,136,8175.0
2024-09-08 12:18:12,SOLUSDT,ask,139,37418.0
2024-09-08 12:18:13,SOLUSDT,ask,142,8407.0
2024-09-08 12:18:13,SOLUSDT,ask,144,49954.0
2024-09-08 12:18:13,SOLUSDT,ask,146,15946.0
2024-09-08 12:18:15,SOLUSDT,bid,120,23363.0
2024-09-08 12:18:17,SOLUSDT,bid,116,10168.0
2024-09-08 12:18:17,SOLUSDT,bid,115,16021.0
2024-09-08 12:18:18,SOLUSDT,bid,113,25694.0
2024-09-08 12:18:19,SOLUSDT,bid,111,37179.0
2024-09-08 12:18:20,SOLUSDT,bid,107,48473.0
2024-09-08 12:18:22,SOLUSDT,bid,105,107769.0
2024-09-08 12:19:09,SOLUSDT,bid,110,120187.0
2024-09-08 12:19:17,SOLUSDT,bid,120,23361.0
2024-09-08 12:19:17,SOLUSDT,bid,121,17153.0
2024-09-08 12:19:23,SOLUSDT,bid,121,17152.0
2024-09-08 12:19:30,SOLUSDT,bid,121,17154.0
2024-09-08 12:19:41,SOLUSDT,ask,131,10173.0
2024-09-08 12:19:46,SOLUSDT,ask,133,9416.0
2024-09-08 12:20:01,SOLUSDT,bid,117,8759.0
2024-09-08 12:20:05,SOLUSDT,bid,90,59979.0
2024-09-08 12:20:29,SOLUSDT,ask,134,9411.0
2024-09-08 12:20:46,SOLUSDT,bid,110,120169.0
2024-09-08 12:21:25,SOLUSDT,ask,131,10977.0
2024-09-08 12:21:36,SOLUSDT,bid,113,25689.0
2024-09-08 12:21:46,SOLUSDT,ask,135,11021.0
2024-09-08 12:21:46,SOLUSDT,bid,120,23362.0
2024-09-08 12:21:51,SOLUSDT,bid,121,17155.0
2024-09-08 12:22:00,SOLUSDT,bid,117,8741.0
2024-09-08 12:22:01,SOLUSDT,bid,116,10193.0
2024-09-08 12:22:02,SOLUSDT,bid,120,23325.0
2024-09-08 12:22:24,SOLUSDT,bid,121,17152.0
2024-09-08 12:22:30,SOLUSDT,bid,113,25691.0
2024-09-08 12:23:38,SOLUSDT,bid,120,23324.0
2024-09-08 12:24:00,SOLUSDT,bid,116,10168.0
2024-09-08 12:24:21,SOLUSDT,bid,121,17150.0
2024-09-08 12:24:48,SOLUSDT,bid,120,23325.0
2024-09-08 12:25:05,SOLUSDT,bid,105,12531.0
2024-09-08 12:25:23,SOLUSDT,ask,145,20599.0
2024-09-08 12:25:45,SOLUSDT,bid,110,120165.0
2024-09-08 12:26:42,SOLUSDT,ask,133,9408.0
2024-09-08 12:26:53,SOLUSDT,ask,131,10169.0
2024-09-08 12:29:13,SOLUSDT,ask,131,10176.0
2024-09-08 12:30:45,SOLUSDT,bid,121,17149.0
2024-09-08 12:31:12,SOLUSDT,bid,101,109452.0
2024-09-08 12:31:30,SOLUSDT,ask,133,9407.0
2024-09-08 12:31:49,SOLUSDT,ask,133,9408.0
2024-09-08 12:32:22,SOLUSDT,bid,121,17150.0
2024-09-08 12:32:24,SOLUSDT,ask,135,11020.0
2024-09-08 12:32:37,SOLUSDT,bid,113,25682.0
2024-09-08 12:32:37,SOLUSDT,bid,121,17159.0
2024-09-08 12:33:45,SOLUSDT,ask,134,9408.0
2024-09-08 12:34:20,SOLUSDT,bid,121,17135.0
2024-09-08 12:35:55,SOLUSDT,bid,111,36279.0
2024-09-08 12:36:46,SOLUSDT,bid,106,10748.0
2024-09-08 12:36:48,SOLUSDT,bid,120,23331.0
2024-09-08 12:37:14,SOLUSDT,bid,120,23314.0
2024-09-08 12:37:35,SOLUSDT,bid,120,23315.0
2024-09-08 12:37:46,SOLUSDT,bid,106,10717.0
2024-09-08 12:37:51,SOLUSDT,ask,134,9368.0
2024-09-08 12:37:53,SOLUSDT,bid,106,10786.0
2024-09-08 12:38:15,SOLUSDT,bid,120,23314.0
2024-09-08 12:38:15,SOLUSDT,ask,135,11019.0
2024-09-08 12:38:16,SOLUSDT,bid,110,120164.0
2024-09-08 12:38:57,SOLUSDT,bid,120,23313.0
2024-09-08 12:38:57,SOLUSDT,ask,135,11018.0
2024-09-08 12:41:01,SOLUSDT,ask,134,9366.0
2024-09-08 12:41:10,SOLUSDT,bid,106,10717.0
2024-09-08 12:42:36,SOLUSDT,bid,120,23323.0
2024-09-08 12:44:04,SOLUSDT,bid,115,16022.0
2024-09-08 12:44:04,SOLUSDT,ask,135,11019.0
2024-09-08 12:44:40,SOLUSDT,ask,134,9367.0
2024-09-08 12:44:56,SOLUSDT,bid,115,16023.0
2024-09-08 12:44:57,SOLUSDT,bid,120,23325.0
2024-09-08 12:45:03,SOLUSDT,bid,128,19834.0
2024-09-08 12:45:05,SOLUSDT,bid,128,20074.0
2024-09-08 12:45:06,SOLUSDT,bid,128,20075.0
2024-09-08 12:45:06,SOLUSDT,bid,128,20071.0
2024-09-08 12:45:07,SOLUSDT,bid,128,20295.0
2024-09-08 12:45:07,SOLUSDT,bid,128,20070.0
2024-09-08 12:45:07,SOLUSDT,bid,128,20069.0
2024-09-08 12:45:09,SOLUSDT,bid,128,20069.0
2024-09-08 12:45:10,SOLUSDT,bid,128,20068.0
2024-09-08 12:45:35,SOLUSDT,ask,139,37442.0
2024-09-08 12:45:48,SOLUSDT,ask,139,37418.0
2024-09-08 12:46:00,SOLUSDT,bid,128,20069.0
2024-09-08 12:46:01,SOLUSDT,bid,128,20068.0
2024-09-08 12:46:07,SOLUSDT,bid,128,20067.0
2024-09-08 12:46:17,SOLUSDT,bid,128,20066.0
2024-09-08 12:46:21,SOLUSDT,bid,128,20404.0
2024-09-08 12:46:21,SOLUSDT,bid,128,20066.0
2024-09-08 12:46:23,SOLUSDT,bid,128,20072.0
2024-09-08 12:46:23,SOLUSDT,bid,128,20142.0
2024-09-08 12:46:23,SOLUSDT,bid,128,20143.0
2024-09-08 12:46:24,SOLUSDT,bid,128,20026.0
2024-09-08 12:46:24,SOLUSDT,bid,128,20027.0
2024-09-08 12:46:26,SOLUSDT,bid,128,20020.0
2024-09-08 12:46:30,SOLUSDT,bid,128,20037.0
2024-09-08 12:46:31,SOLUSDT,bid,128,20085.0
2024-09-08 12:46:33,SOLUSDT,bid,128,20037.0
2024-09-08 12:46:33,SOLUSDT,bid,128,20085.0
2024-09-08 12:46:34,SOLUSDT,bid,128,20037.0
2024-09-08 12:46:34,SOLUSDT,bid,128,20085.0
2024-09-08 12:46:34,SOLUSDT,bid,128,20132.0
2024-09-08 12:46:34,SOLUSDT,bid,128,20084.0
2024-09-08 12:46:34,SOLUSDT,bid,128,20132.0
2024-09-08 12:46:35,SOLUSDT,bid,128,20180.0
2024-09-08 12:46:35,SOLUSDT,bid,128,20132.0
2024-09-08 12:46:35,SOLUSDT,bid,128,20021.0
2024-09-08 12:46:35,SOLUSDT,bid,128,20135.0
2024-09-08 12:46:35,SOLUSDT,bid,128,20138.0
2024-09-08 12:46:35,SOLUSDT,bid,128,20186.0
2024-09-08 12:46:36,SOLUSDT,bid,128,20190.0
2024-09-08 12:46:36,SOLUSDT,bid,128,20188.0
2024-09-08 12:46:36,SOLUSDT,bid,128,20186.0
2024-09-08 12:46:37,SOLUSDT,bid,128,20090.0
2024-09-08 12:46:38,SOLUSDT,bid,128,20153.0
2024-09-08 12:46:38,SOLUSDT,bid,128,20201.0
2024-09-08 12:46:41,SOLUSDT,bid,128,20153.0
2024-09-08 12:46:41,SOLUSDT,bid,128,20149.0
2024-09-08 12:46:41,SOLUSDT,bid,128,20134.0
2024-09-08 12:46:41,SOLUSDT,bid,128,20182.0
2024-09-08 12:46:44,SOLUSDT,bid,128,20134.0
2024-09-08 12:46:44,SOLUSDT,bid,128,20086.0
2024-09-08 12:46:44,SOLUSDT,bid,128,20320.0
2024-09-08 12:46:45,SOLUSDT,bid,128,20274.0
2024-09-08 12:46:45,SOLUSDT,bid,128,20274.0
2024-09-08 12:46:45,SOLUSDT,bid,128,20322.0
2024-09-08 12:46:45,SOLUSDT,bid,128,20320.0
2024-09-08 12:46:47,SOLUSDT,bid,128,20272.0
2024-09-08 12:46:47,SOLUSDT,bid,128,20320.0
2024-09-08 12:46:48,SOLUSDT,bid,128,20322.0
2024-09-08 12:46:48,SOLUSDT,bid,128,20320.0
2024-09-08 12:46:51,SOLUSDT,bid,128,20320.0
2024-09-08 12:46:56,SOLUSDT,bid,128,20305.0
2024-09-08 12:46:56,SOLUSDT,bid,128,20257.0
2024-09-08 12:46:56,SOLUSDT,bid,128,20257.0
2024-09-08 12:46:56,SOLUSDT,bid,128,20282.0
2024-09-08 12:46:57,SOLUSDT,bid,128,20255.0
2024-09-08 12:46:57,SOLUSDT,bid,128,20254.0
2024-09-08 12:47:10,SOLUSDT,bid,128,20255.0
2024-09-08 12:47:12,SOLUSDT,bid,128,20254.0
2024-09-08 12:47:14,SOLUSDT,bid,128,20254.0
2024-09-08 12:47:14,SOLUSDT,bid,128,20321.0
2024-09-08 12:47:14,SOLUSDT,bid,128,20285.0
2024-09-08 12:47:15,SOLUSDT,bid,128,20287.0
2024-09-08 12:47:17,SOLUSDT,bid,128,20289.0
2024-09-08 12:47:17,SOLUSDT,bid,128,20292.0
2024-09-08 12:47:17,SOLUSDT,bid,128,20290.0
2024-09-08 12:47:18,SOLUSDT,bid,128,20285.0
2024-09-08 12:47:18,SOLUSDT,bid,128,20305.0
2024-09-08 12:47:18,SOLUSDT,bid,128,20293.0
2024-09-08 12:47:18,SOLUSDT,bid,128,20288.0
2024-09-08 12:47:19,SOLUSDT,bid,128,20296.0
2024-09-08 12:47:20,SOLUSDT,bid,128,20307.0
2024-09-08 12:47:22,SOLUSDT,bid,128,20276.0
2024-09-08 12:47:22,SOLUSDT,bid,128,20274.0
2024-09-08 12:47:25,SOLUSDT,bid,128,20281.0
2024-09-08 12:47:25,SOLUSDT,bid,128,20294.0
2024-09-08 12:47:27,SOLUSDT,bid,128,20310.0
2024-09-08 12:47:27,SOLUSDT,bid,128,20281.0
2024-09-08 12:47:28,SOLUSDT,bid,128,20360.0
2024-09-08 12:47:29,SOLUSDT,bid,128,20312.0
2024-09-08 12:47:29,SOLUSDT,bid,128,20360.0
2024-09-08 12:47:30,SOLUSDT,bid,128,20312.0
2024-09-08 12:47:30,SOLUSDT,bid,128,20360.0
2024-09-08 12:47:30,SOLUSDT,bid,128,20312.0
2024-09-08 12:47:30,SOLUSDT,bid,128,20296.0
2024-09-08 12:47:30,SOLUSDT,bid,128,20297.0
2024-09-08 12:47:33,SOLUSDT,bid,128,20323.0
2024-09-08 12:47:33,SOLUSDT,bid,128,20287.0
2024-09-08 12:47:33,SOLUSDT,bid,128,20255.0
2024-09-08 12:47:34,SOLUSDT,bid,128,20258.0
2024-09-08 12:47:36,SOLUSDT,bid,128,20261.0
2024-09-08 12:47:36,SOLUSDT,bid,128,20261.0
2024-09-08 12:47:40,SOLUSDT,bid,128,20258.0
2024-09-08 12:47:44,SOLUSDT,bid,128,20269.0
2024-09-08 12:47:45,SOLUSDT,bid,128,20303.0
2024-09-08 12:47:52,SOLUSDT,bid,128,20305.0
2024-09-08 12:47:53,SOLUSDT,bid,128,20321.0
2024-09-08 12:47:53,SOLUSDT,bid,128,20305.0
2024-09-08 12:47:54,SOLUSDT,bid,128,20321.0
2024-09-08 12:47:55,SOLUSDT,bid,128,20305.0
2024-09-08 12:47:56,SOLUSDT,bid,128,20039.0
2024-09-08 12:47:56,SOLUSDT,bid,128,20044.0
2024-09-08 12:47:57,SOLUSDT,bid,120,23322.0
2024-09-08 12:47:59,SOLUSDT,bid,110,120159.0
2024-09-08 12:47:59,SOLUSDT,bid,128,20025.0
2024-09-08 12:48:00,SOLUSDT,bid,128,20024.0
2024-09-08 12:48:00,SOLUSDT,bid,128,20027.0
2024-09-08 12:48:06,SOLUSDT,bid,128,15112.0
2024-09-08 12:48:06,SOLUSDT,bid,128,15114.0
2024-09-08 12:48:06,SOLUSDT,bid,128,15117.0
2024-09-08 12:48:07,SOLUSDT,bid,128,15126.0
2024-09-08 12:48:08,SOLUSDT,bid,128,15126.0
2024-09-08 12:48:08,SOLUSDT,bid,128,15161.0
2024-09-08 12:48:09,SOLUSDT,bid,128,15162.0
2024-09-08 12:48:09,SOLUSDT,bid,128,15138.0
2024-09-08 12:48:09,SOLUSDT,bid,128,15139.0
2024-09-08 12:48:09,SOLUSDT,bid,128,15163.0
2024-09-08 12:48:10,SOLUSDT,bid,128,15162.0
2024-09-08 12:48:10,SOLUSDT,bid,128,15161.0
2024-09-08 12:48:10,SOLUSDT,bid,128,15157.0
2024-09-08 12:48:10,SOLUSDT,bid,128,15167.0
2024-09-08 12:48:10,SOLUSDT,bid,128,15162.0
2024-09-08 12:48:11,SOLUSDT,bid,128,15127.0
2024-09-08 12:48:11,SOLUSDT,bid,128,15127.0
2024-09-08 12:48:12,SOLUSDT,bid,128,15127.0
2024-09-08 12:48:12,SOLUSDT,bid,128,15138.0
2024-09-08 12:48:12,SOLUSDT,bid,128,14910.0
2024-09-08 12:48:12,SOLUSDT,bid,128,14921.0
2024-09-08 12:48:12,SOLUSDT,bid,128,14910.0
2024-09-08 12:48:13,SOLUSDT,bid,128,14910.0
2024-09-08 12:48:13,SOLUSDT,bid,128,14922.0
2024-09-08 12:48:13,SOLUSDT,bid,128,14922.0
2024-09-08 12:48:14,SOLUSDT,bid,128,14911.0
2024-09-08 12:48:14,SOLUSDT,bid,128,14887.0
2024-09-08 12:48:15,SOLUSDT,bid,128,14898.0
2024-09-08 12:48:15,SOLUSDT,bid,128,14881.0
2024-09-08 12:48:15,SOLUSDT,bid,128,14905.0
2024-09-08 12:48:15,SOLUSDT,bid,128,14901.0
2024-09-08 12:48:15,SOLUSDT,bid,128,14886.0
2024-09-08 12:48:16,SOLUSDT,bid,128,14882.0
2024-09-08 12:48:16,SOLUSDT,bid,128,14883.0
2024-09-08 12:48:16,SOLUSDT,bid,128,14883.0
2024-09-08 12:48:16,SOLUSDT,bid,128,14894.0
2024-09-08 12:48:17,SOLUSDT,bid,128,14883.0
2024-09-08 12:48:17,SOLUSDT,bid,128,14894.0
2024-09-08 12:48:17,SOLUSDT,bid,128,14893.0
2024-09-08 12:48:18,SOLUSDT,bid,128,14864.0
2024-09-08 12:48:19,SOLUSDT,bid,128,14862.0
2024-09-08 12:48:19,SOLUSDT,bid,128,14838.0
2024-09-08 12:48:20,SOLUSDT,bid,128,14840.0
2024-09-08 12:48:20,SOLUSDT,bid,128,14831.0
2024-09-08 12:48:20,SOLUSDT,bid,128,14807.0
2024-09-08 12:48:21,SOLUSDT,bid,128,14831.0
2024-09-08 12:48:22,SOLUSDT,bid,128,14830.0
2024-09-08 12:48:22,SOLUSDT,bid,128,14839.0
2024-09-08 12:48:23,SOLUSDT,bid,128,14840.0
2024-09-08 12:48:24,SOLUSDT,bid,128,14837.0
2024-09-08 12:48:24,SOLUSDT,bid,128,14837.0
2024-09-08 12:48:25,SOLUSDT,bid,128,14832.0
2024-09-08 12:48:25,SOLUSDT,bid,128,14844.0
2024-09-08 12:48:26,SOLUSDT,bid,128,14801.0
2024-09-08 12:48:26,SOLUSDT,bid,128,14812.0
2024-09-08 12:48:26,SOLUSDT,bid,128,14788.0
2024-09-08 12:48:27,SOLUSDT,bid,128,14838.0
2024-09-08 12:48:27,SOLUSDT,bid,128,14862.0
2024-09-08 12:48:27,SOLUSDT,bid,128,14885.0
2024-09-08 12:48:28,SOLUSDT,bid,128,14912.0
2024-09-08 12:48:28,SOLUSDT,bid,128,14916.0
2024-09-08 12:48:29,SOLUSDT,bid,128,14924.0
2024-09-08 12:48:29,SOLUSDT,bid,128,14916.0
2024-09-08 12:48:29,SOLUSDT,bid,128,14893.0
2024-09-08 12:48:30,SOLUSDT,bid,128,14888.0
2024-09-08 12:48:30,SOLUSDT,bid,128,14885.0
2024-09-08 12:48:31,SOLUSDT,bid,128,14888.0
2024-09-08 12:48:31,SOLUSDT,bid,128,14877.0
2024-09-08 12:48:31,SOLUSDT,bid,128,14888.0
2024-09-08 12:48:32,SOLUSDT,bid,128,14864.0
2024-09-08 12:48:33,SOLUSDT,bid,128,14888.0
2024-09-08 12:48:33,SOLUSDT,bid,128,14914.0
2024-09-08 12:48:34,SOLUSDT,bid,128,14910.0
2024-09-08 12:48:34,SOLUSDT,bid,128,14915.0
2024-09-08 12:48:35,SOLUSDT,bid,128,14904.0
2024-09-08 12:48:35,SOLUSDT,bid,128,14907.0
2024-09-08 12:48:35,SOLUSDT,bid,128,14873.0
2024-09-08 12:48:35,SOLUSDT,bid,128,14867.0
2024-09-08 12:48:35,SOLUSDT,bid,128,14868.0
2024-09-08 12:48:36,SOLUSDT,bid,128,14878.0
2024-09-08 12:48:36,SOLUSDT,bid,128,14930.0
2024-09-08 12:48:36,SOLUSDT,bid,128,14930.0
2024-09-08 12:48:36,SOLUSDT,bid,128,14926.0
2024-09-08 12:48:36,SOLUSDT,bid,128,14879.0
2024-09-08 12:48:36,SOLUSDT,bid,128,14881.0
2024-09-08 12:48:37,SOLUSDT,bid,128,14888.0
2024-09-08 12:48:37,SOLUSDT,bid,128,14883.0
2024-09-08 12:48:38,SOLUSDT,bid,128,14871.0
2024-09-08 12:48:38,SOLUSDT,bid,128,14843.0
2024-09-08 12:48:38,SOLUSDT,bid,128,14814.0
2024-09-08 12:48:38,SOLUSDT,bid,128,14793.0
2024-09-08 12:48:38,SOLUSDT,bid,128,14773.0
2024-09-08 12:48:38,SOLUSDT,bid,128,14783.0
2024-09-08 12:48:39,SOLUSDT,bid,128,14776.0
2024-09-08 12:48:39,SOLUSDT,bid,128,14777.0
2024-09-08 12:48:39,SOLUSDT,bid,128,14775.0
2024-09-08 12:48:39,SOLUSDT,bid,128,14773.0
2024-09-08 12:48:40,SOLUSDT,bid,128,14771.0
2024-09-08 12:48:41,SOLUSDT,bid,128,14819.0
2024-09-08 12:48:41,SOLUSDT,bid,128,14771.0
2024-09-08 12:48:41,SOLUSDT,bid,128,14737.0
2024-09-08 12:48:41,SOLUSDT,bid,128,14785.0
2024-09-08 12:48:42,SOLUSDT,bid,128,14805.0
2024-09-08 12:48:42,SOLUSDT,bid,128,15000.0
2024-09-08 12:48:42,SOLUSDT,bid,128,14805.0
2024-09-08 12:48:42,SOLUSDT,bid,128,14746.0
2024-09-08 12:48:42,SOLUSDT,bid,128,14749.0
2024-09-08 12:48:43,SOLUSDT,bid,128,14775.0
2024-09-08 12:48:43,SOLUSDT,bid,128,14749.0
2024-09-08 12:48:45,SOLUSDT,bid,128,14752.0
2024-09-08 12:48:46,SOLUSDT,bid,128,14759.0
2024-09-08 12:48:46,SOLUSDT,bid,128,14752.0
2024-09-08 12:48:46,SOLUSDT,bid,128,14749.0
2024-09-08 12:48:46,SOLUSDT,bid,128,14746.0
2024-09-08 12:48:48,SOLUSDT,bid,128,14773.0
2024-09-08 12:48:50,SOLUSDT,bid,128,14776.0
2024-09-08 12:48:50,SOLUSDT,bid,128,14749.0
2024-09-08 12:48:51,SOLUSDT,bid,128,14748.0
2024-09-08 12:48:54,SOLUSDT,bid,128,14698.0
2024-09-08 12:48:54,SOLUSDT,bid,128,14721.0
2024-09-08 12:48:55,SOLUSDT,bid,128,14695.0
2024-09-08 12:48:56,SOLUSDT,bid,128,13937.0
2024-09-08 12:48:56,SOLUSDT,bid,128,13937.0
2024-09-08 12:48:56,SOLUSDT,bid,128,13962.0
2024-09-08 12:48:56,SOLUSDT,bid,128,13973.0
2024-09-08 12:48:56,SOLUSDT,bid,128,13949.0
2024-09-08 12:48:56,SOLUSDT,bid,128,13974.0
2024-09-08 12:48:56,SOLUSDT,bid,128,13950.0
2024-09-08 12:48:57,SOLUSDT,bid,128,13966.0
2024-09-08 12:48:57,SOLUSDT,bid,128,13966.0
2024-09-08 12:48:57,SOLUSDT,bid,128,14176.0
2024-09-08 12:48:57,SOLUSDT,bid,128,14212.0
2024-09-08 12:48:57,SOLUSDT,bid,128,14085.0
2024-09-08 12:48:57,SOLUSDT,bid,128,14060.0
2024-09-08 12:48:57,SOLUSDT,bid,128,14060.0
2024-09-08 12:48:58,SOLUSDT,bid,128,14045.0
2024-09-08 12:48:59,SOLUSDT,bid,128,14047.0
2024-09-08 12:48:59,SOLUSDT,bid,128,14056.0
2024-09-08 12:49:00,SOLUSDT,bid,128,14046.0
2024-09-08 12:49:00,SOLUSDT,bid,128,14035.0
2024-09-08 12:49:00,SOLUSDT,bid,128,14047.0
2024-09-08 12:49:00,SOLUSDT,bid,128,14042.0
2024-09-08 12:49:01,SOLUSDT,bid,128,14039.0
2024-09-08 12:49:01,SOLUSDT,bid,128,14040.0
2024-09-08 12:49:01,SOLUSDT,bid,128,14043.0
2024-09-08 12:49:01,SOLUSDT,bid,128,14007.0
2024-09-08 12:49:02,SOLUSDT,bid,128,14006.0
2024-09-08 12:49:03,SOLUSDT,bid,128,11902.0
2024-09-08 12:49:03,SOLUSDT,bid,128,11902.0
2024-09-08 12:49:03,SOLUSDT,bid,128,11902.0
2024-09-08 12:49:03,SOLUSDT,bid,128,11913.0
2024-09-08 12:49:04,SOLUSDT,bid,128,11902.0
2024-09-08 12:49:04,SOLUSDT,bid,128,11913.0
2024-09-08 12:49:04,SOLUSDT,bid,128,11902.0
2024-09-08 12:49:04,SOLUSDT,bid,128,11924.0
2024-09-08 12:49:05,SOLUSDT,bid,128,11923.0
2024-09-08 12:49:05,SOLUSDT,bid,128,11918.0
2024-09-08 12:49:06,SOLUSDT,bid,128,11903.0
2024-09-08 12:49:06,SOLUSDT,bid,128,11881.0
2024-09-08 12:49:06,SOLUSDT,bid,128,11836.0
2024-09-08 12:49:06,SOLUSDT,bid,128,11783.0
2024-09-08 12:49:07,SOLUSDT,bid,128,11729.0
2024-09-08 12:49:07,SOLUSDT,bid,115,16022.0
2024-09-08 12:49:07,SOLUSDT,bid,128,10964.0
2024-09-08 12:49:07,SOLUSDT,bid,128,10949.0
2024-09-08 12:49:07,SOLUSDT,bid,128,10940.0
2024-09-08 12:49:07,SOLUSDT,bid,128,10932.0
2024-09-08 12:49:07,SOLUSDT,bid,128,10929.0
2024-09-08 12:49:07,SOLUSDT,bid,128,10926.0
2024-09-08 12:49:08,SOLUSDT,bid,128,10917.0
2024-09-08 12:49:08,SOLUSDT,bid,128,10914.0
2024-09-08 12:49:08,SOLUSDT,bid,128,10919.0
2024-09-08 12:49:08,SOLUSDT,bid,128,10928.0
2024-09-08 12:49:10,SOLUSDT,bid,128,10924.0
2024-09-08 12:49:10,SOLUSDT,bid,128,10921.0
2024-09-08 12:49:10,SOLUSDT,bid,128,10924.0
2024-09-08 12:49:10,SOLUSDT,bid,128,10923.0
2024-09-08 12:49:10,SOLUSDT,bid,128,10943.0
2024-09-08 12:49:11,SOLUSDT,bid,128,10937.0
2024-09-08 12:49:11,SOLUSDT,bid,128,10936.0
2024-09-08 12:49:12,SOLUSDT,bid,128,10790.0
2024-09-08 12:49:12,SOLUSDT,bid,128,10775.0
2024-09-08 12:49:12,SOLUSDT,bid,128,10745.0
2024-09-08 12:49:13,SOLUSDT,bid,128,10603.0
2024-09-08 12:49:13,SOLUSDT,bid,128,10602.0
2024-09-08 12:49:13,SOLUSDT,bid,128,10272.0
2024-09-08 12:49:13,SOLUSDT,bid,128,10271.0
2024-09-08 12:49:13,SOLUSDT,bid,128,10279.0
2024-09-08 12:49:13,SOLUSDT,bid,128,10270.0
2024-09-08 12:49:14,SOLUSDT,bid,128,10269.0
2024-09-08 12:49:14,SOLUSDT,bid,128,10270.0
2024-09-08 12:49:14,SOLUSDT,bid,128,10281.0
2024-09-08 12:49:14,SOLUSDT,bid,128,10277.0
2024-09-08 12:49:14,SOLUSDT,bid,128,10266.0
2024-09-08 12:49:15,SOLUSDT,bid,128,10263.0
2024-09-08 12:49:15,SOLUSDT,bid,128,10233.0
2024-09-08 12:49:15,SOLUSDT,bid,128,10213.0
2024-09-08 12:49:15,SOLUSDT,bid,128,10210.0
2024-09-08 12:49:16,SOLUSDT,bid,128,10145.0
2024-09-08 12:49:16,SOLUSDT,bid,128,10162.0
2024-09-08 12:49:16,SOLUSDT,bid,128,10173.0
2024-09-08 12:49:16,SOLUSDT,bid,128,10162.0
2024-09-08 12:49:17,SOLUSDT,bid,128,10123.0
2024-09-08 12:49:17,SOLUSDT,bid,128,10112.0
2024-09-08 12:49:17,SOLUSDT,bid,128,10111.0
2024-09-08 12:49:17,SOLUSDT,bid,128,10110.0
2024-09-08 12:49:17,SOLUSDT,bid,128,10106.0
2024-09-08 12:49:17,SOLUSDT,bid,115,16011.0
2024-09-08 12:49:17,SOLUSDT,bid,128,10103.0
2024-09-08 12:49:17,SOLUSDT,bid,128,10092.0
2024-09-08 12:49:18,SOLUSDT,bid,128,10103.0
2024-09-08 12:49:18,SOLUSDT,bid,128,10101.0
2024-09-08 12:49:19,SOLUSDT,bid,128,10108.0
2024-09-08 12:49:19,SOLUSDT,bid,128,10086.0
2024-09-08 12:49:19,SOLUSDT,bid,128,10076.0
2024-09-08 12:49:19,SOLUSDT,bid,128,10084.0
2024-09-08 12:49:20,SOLUSDT,bid,128,10071.0
2024-09-08 12:49:20,SOLUSDT,bid,128,10068.0
2024-09-08 12:49:21,SOLUSDT,bid,128,10065.0
2024-09-08 12:49:22,SOLUSDT,bid,128,10083.0
2024-09-08 12:49:22,SOLUSDT,bid,128,10102.0
2024-09-08 12:49:22,SOLUSDT,bid,128,10105.0
2024-09-08 12:49:23,SOLUSDT,bid,128,10101.0
2024-09-08 12:49:23,SOLUSDT,bid,128,10101.0
2024-09-08 12:49:23,SOLUSDT,bid,128,10101.0
2024-09-08 12:49:23,SOLUSDT,bid,128,10100.0
2024-09-08 12:49:23,SOLUSDT,bid,128,10060.0
2024-09-08 12:49:24,SOLUSDT,bid,128,10056.0
2024-09-08 12:49:25,SOLUSDT,bid,128,9739.0
2024-09-08 12:49:25,SOLUSDT,bid,128,9736.0
2024-09-08 12:49:25,SOLUSDT,bid,128,9726.0
2024-09-08 12:49:25,SOLUSDT,bid,128,9743.0
2024-09-08 12:49:25,SOLUSDT,bid,128,9734.0
2024-09-08 12:49:25,SOLUSDT,bid,128,9700.0
2024-09-08 12:49:26,SOLUSDT,bid,128,9750.0
2024-09-08 12:49:26,SOLUSDT,bid,128,9761.0
2024-09-08 12:49:27,SOLUSDT,bid,128,9750.0
2024-09-08 12:49:27,SOLUSDT,bid,128,9750.0
2024-09-08 12:49:27,SOLUSDT,bid,128,9222.0
2024-09-08 12:49:38,SOLUSDT,ask,133,9409.0
2024-09-08 12:49:42,SOLUSDT,ask,131,10187.0
