2024-08-13 07:02:37,BTCUSDT,ask,61800,530.494
2024-08-13 07:04:40,BTCUSDT,ask,61800,530.54
2024-08-13 07:10:24,BTCUSDT,bid,47000,875.297
2024-08-13 07:12:00,BTCUSDT,ask,61800,530.508
2024-08-13 07:12:06,BTCUSDT,ask,61800,530.515
2024-08-13 07:15:30,BTCUSDT,ask,61800,529.968
2024-08-13 07:16:20,BTCUSDT,ask,61800,529.971
2024-08-13 07:19:12,BTCUSDT,ask,61800,530.075
2024-08-13 07:19:20,BTCUSDT,ask,61800,529.375
2024-08-13 07:19:37,BTCUSDT,ask,61800,529.357
2024-08-13 07:27:25,BTCUSDT,ask,61800,529.352
2024-08-13 07:31:54,BTCUSDT,ask,61800,529.35
2024-08-13 07:41:10,BTCUSDT,ask,61800,529.279
2024-08-13 07:45:15,BTCUSDT,ask,61800,529.315
2024-08-13 07:45:47,BTCUSDT,ask,61800,529.319
2024-08-13 07:46:47,BTCUSDT,ask,61800,529.341
2024-08-13 07:51:38,BTCUSDT,ask,61800,529.939
2024-08-13 07:53:18,BTCUSDT,ask,61800,529.891
2024-08-13 07:53:28,BTCUSDT,ask,61800,529.907
2024-08-13 07:57:31,BTCUSDT,ask,61800,529.903
2024-08-13 07:58:37,BTCUSDT,ask,61800,530.04
2024-08-13 07:58:46,BTCUSDT,ask,61800,530.04
2024-08-13 07:58:47,BTCUSDT,ask,61800,530.04
2024-08-13 07:58:48,BTCUSDT,ask,61800,530.04
2024-08-13 07:58:49,BTCUSDT,ask,61800,530.04
2024-08-13 08:03:20,BTCUSDT,bid,47000,875.797
2024-08-13 08:03:50,BTCUSDT,ask,61800,530.509
2024-08-13 08:04:57,BTCUSDT,ask,61800,530.541
2024-08-13 08:04:59,BTCUSDT,ask,61800,530.549
2024-08-13 08:05:38,BTCUSDT,ask,61800,530.542
2024-08-13 08:06:15,BTCUSDT,ask,61800,530.802
2024-08-13 08:07:02,BTCUSDT,ask,61800,530.799
2024-08-13 08:13:17,BTCUSDT,ask,61800,530.33
2024-08-13 08:14:20,BTCUSDT,ask,61800,530.344
2024-08-13 08:16:24,BTCUSDT,bid,47000,875.897
2024-08-13 08:17:50,BTCUSDT,ask,61800,530.314
2024-08-13 08:23:18,BTCUSDT,ask,61800,530.264
2024-08-13 08:25:51,BTCUSDT,ask,61800,530.214
2024-08-13 08:26:39,BTCUSDT,ask,61800,530.216
2024-08-13 08:27:04,BTCUSDT,ask,61800,530.2
2024-08-13 08:28:56,BTCUSDT,ask,61800,530.192
2024-08-13 08:32:26,BTCUSDT,ask,61800,530.213
2024-08-13 08:36:15,BTCUSDT,ask,61800,530.224
2024-08-13 08:36:31,BTCUSDT,ask,61800,530.227
2024-08-13 08:38:16,BTCUSDT,bid,47000,875.697
2024-08-13 08:51:07,BTCUSDT,ask,61800,530.209
2024-08-13 08:51:15,BTCUSDT,bid,47000,875.703
2024-08-13 08:51:17,BTCUSDT,ask,61800,529.949
2024-08-13 08:51:50,BTCUSDT,ask,61800,529.962
2024-08-13 08:53:40,BTCUSDT,ask,61800,529.824
2024-08-13 08:54:53,BTCUSDT,ask,61800,529.824
2024-08-13 08:54:54,BTCUSDT,ask,61800,529.824
2024-08-13 08:54:55,BTCUSDT,ask,61800,529.824
2024-08-13 08:55:09,BTCUSDT,ask,61800,529.824
2024-08-13 08:57:27,BTCUSDT,bid,47000,875.698
2024-08-13 09:01:11,BTCUSDT,ask,61800,529.862
2024-08-13 07:01:07,BTCUSD_PERP,bid,58800,754.21
2024-08-13 07:01:07,BTCUSD_PERP,bid,58800,696.55
2024-08-13 07:01:07,BTCUSD_PERP,bid,58800,638.3
2024-08-13 07:01:07,BTCUSD_PERP,bid,58800,580.05
2024-08-13 07:01:07,BTCUSD_PERP,bid,58800,522.39
2024-08-13 07:01:08,BTCUSD_PERP,bid,58800,521.03
2024-08-13 07:01:08,BTCUSD_PERP,bid,58800,636.78
2024-08-13 07:01:09,BTCUSD_PERP,bid,58800,753.22
2024-08-13 07:01:09,BTCUSD_PERP,bid,58800,811.44
2024-08-13 07:01:53,BTCUSD_PERP,bid,58800,695.59
2024-08-13 07:01:53,BTCUSD_PERP,bid,58800,637.96
2024-08-13 07:01:53,BTCUSD_PERP,bid,58800,580.33
2024-08-13 07:01:55,BTCUSD_PERP,bid,58800,522.39
2024-08-13 07:02:53,BTCUSD_PERP,bid,58800,522.12
2024-08-13 07:02:53,BTCUSD_PERP,bid,58800,579.75
2024-08-13 07:03:49,BTCUSD_PERP,bid,58800,521.53
2024-08-13 07:03:50,BTCUSD_PERP,bid,58800,580.14
2024-08-13 07:03:50,BTCUSD_PERP,bid,58800,638.4
2024-08-13 07:03:50,BTCUSD_PERP,bid,58800,696.66
2024-08-13 07:03:50,BTCUSD_PERP,bid,58800,754.33
2024-08-13 07:03:50,BTCUSD_PERP,bid,58800,812.0
2024-08-13 07:03:51,BTCUSD_PERP,bid,58800,869.67
2024-08-13 07:03:51,BTCUSD_PERP,bid,58800,927.93
2024-08-13 07:04:05,BTCUSD_PERP,bid,58800,869.67
2024-08-13 07:04:05,BTCUSD_PERP,bid,58800,812.0
2024-08-13 07:04:06,BTCUSD_PERP,bid,58800,696.66
2024-08-13 07:04:06,BTCUSD_PERP,bid,58800,638.4
2024-08-13 07:04:06,BTCUSD_PERP,bid,58800,580.14
2024-08-13 07:05:37,BTCUSD_PERP,bid,58900,582.61
2024-08-13 07:05:37,BTCUSD_PERP,bid,58900,640.4
2024-08-13 07:05:37,BTCUSD_PERP,bid,58900,755.98
2024-08-13 07:06:16,BTCUSD_PERP,bid,58900,698.19
2024-08-13 07:06:17,BTCUSD_PERP,bid,58900,524.23
2024-08-13 07:06:17,BTCUSD_PERP,bid,59000,581.84
2024-08-13 07:06:17,BTCUSD_PERP,bid,59000,640.26
2024-08-13 07:06:18,BTCUSD_PERP,bid,59000,698.08
2024-08-13 07:06:18,BTCUSD_PERP,bid,59000,756.5
2024-08-13 07:06:25,BTCUSD_PERP,bid,59000,756.46
2024-08-13 07:06:40,BTCUSD_PERP,bid,59000,698.04
2024-08-13 07:06:40,BTCUSD_PERP,bid,59000,581.2
2024-08-13 07:06:40,BTCUSD_PERP,bid,59000,522.78
2024-08-13 07:07:06,BTCUSD_PERP,bid,59100,525.01
2024-08-13 07:07:06,BTCUSD_PERP,bid,59100,583.54
2024-08-13 07:07:12,BTCUSD_PERP,bid,59000,525.3
2024-08-13 07:07:23,BTCUSD_PERP,bid,59000,525.03
2024-08-13 07:11:14,BTCUSD_PERP,bid,59000,523.92
2024-08-13 07:11:15,BTCUSD_PERP,bid,59000,582.4
2024-08-13 07:11:15,BTCUSD_PERP,bid,59000,640.88
2024-08-13 07:11:15,BTCUSD_PERP,bid,59000,757.24
2024-08-13 07:11:15,BTCUSD_PERP,bid,59000,815.12
2024-08-13 07:11:15,BTCUSD_PERP,bid,59000,873.0
2024-08-13 07:11:17,BTCUSD_PERP,bid,59000,922.17
2024-08-13 07:11:47,BTCUSD_PERP,bid,59000,805.81
2024-08-13 07:11:48,BTCUSD_PERP,bid,59000,690.05
2024-08-13 07:11:48,BTCUSD_PERP,bid,59000,573.69
2024-08-13 07:12:09,BTCUSD_PERP,bid,58900,523.71
2024-08-13 07:12:37,BTCUSD_PERP,bid,58900,523.44
2024-08-13 07:12:45,BTCUSD_PERP,bid,58900,523.14
2024-08-13 07:13:57,BTCUSD_PERP,bid,58800,754.21
2024-08-13 07:13:57,BTCUSD_PERP,bid,58800,812.46
2024-08-13 07:14:14,BTCUSD_PERP,bid,58800,754.8
2024-08-13 07:14:14,BTCUSD_PERP,bid,58800,638.3
2024-08-13 07:14:15,BTCUSD_PERP,bid,58800,521.8
2024-08-13 07:14:15,BTCUSD_PERP,bid,58800,581.1
2024-08-13 07:14:52,BTCUSD_PERP,bid,58800,522.81
2024-08-13 07:14:52,BTCUSD_PERP,bid,58900,590.54
2024-08-13 07:14:53,BTCUSD_PERP,bid,58900,648.86
2024-08-13 07:14:53,BTCUSD_PERP,bid,58900,707.18
2024-08-13 07:15:16,BTCUSD_PERP,bid,58800,754.67
2024-08-13 07:15:16,BTCUSD_PERP,bid,58800,812.96
2024-08-13 07:15:33,BTCUSD_PERP,bid,58800,638.79
2024-08-13 07:15:34,BTCUSD_PERP,bid,58800,523.41
2024-08-13 07:15:34,BTCUSD_PERP,bid,58900,533.51
2024-08-13 07:16:16,BTCUSD_PERP,bid,58900,640.19
2024-08-13 07:16:34,BTCUSD_PERP,bid,58900,580.93
2024-08-13 07:18:21,BTCUSD_PERP,bid,58900,522.6
2024-08-13 07:18:22,BTCUSD_PERP,bid,58800,696.0
2024-08-13 07:18:22,BTCUSD_PERP,bid,58800,754.3
2024-08-13 07:20:46,BTCUSD_PERP,bid,58800,522.2
2024-08-13 07:20:46,BTCUSD_PERP,bid,58800,580.5
2024-08-13 07:21:09,BTCUSD_PERP,bid,58800,522.8
2024-08-13 07:21:54,BTCUSD_PERP,bid,58800,580.53
2024-08-13 07:22:29,BTCUSD_PERP,bid,58800,522.03
2024-08-13 07:23:27,BTCUSD_PERP,bid,58900,580.64
2024-08-13 07:23:27,BTCUSD_PERP,bid,58900,638.95
2024-08-13 07:23:38,BTCUSD_PERP,bid,58900,638.7
2024-08-13 07:23:38,BTCUSD_PERP,bid,58900,697.04
2024-08-13 07:24:11,BTCUSD_PERP,bid,58900,872.0
2024-08-13 07:24:11,BTCUSD_PERP,bid,58900,930.38
2024-08-13 07:24:26,BTCUSD_PERP,bid,58900,814.22
2024-08-13 07:24:26,BTCUSD_PERP,bid,58900,755.84
2024-08-13 07:24:26,BTCUSD_PERP,bid,58900,697.46
2024-08-13 07:24:27,BTCUSD_PERP,bid,58900,522.92
2024-08-13 07:24:27,BTCUSD_PERP,bid,59000,523.98
2024-08-13 07:24:27,BTCUSD_PERP,bid,59000,640.12
2024-08-13 07:24:27,BTCUSD_PERP,bid,59000,697.94
2024-08-13 07:24:28,BTCUSD_PERP,bid,58900,519.47
2024-08-13 07:24:28,BTCUSD_PERP,bid,59000,872.6
2024-08-13 07:25:04,BTCUSD_PERP,bid,59000,814.18
2024-08-13 07:25:04,BTCUSD_PERP,bid,59000,755.76
2024-08-13 07:25:04,BTCUSD_PERP,bid,59000,697.94
2024-08-13 07:25:04,BTCUSD_PERP,bid,59000,640.12
2024-08-13 07:25:04,BTCUSD_PERP,bid,59000,582.3
2024-08-13 07:25:04,BTCUSD_PERP,bid,59000,523.88
2024-08-13 07:25:05,BTCUSD_PERP,bid,59000,534.14
2024-08-13 07:25:48,BTCUSD_PERP,bid,59100,641.36
2024-08-13 07:25:53,BTCUSD_PERP,bid,59100,524.91
2024-08-13 07:26:23,BTCUSD_PERP,bid,59100,534.16
2024-08-13 07:26:23,BTCUSD_PERP,bid,59100,592.68
2024-08-13 07:27:07,BTCUSD_PERP,bid,59100,990.62
2024-08-13 07:27:07,BTCUSD_PERP,bid,59100,1049.18
2024-08-13 07:27:19,BTCUSD_PERP,bid,59100,932.66
2024-08-13 07:27:19,BTCUSD_PERP,bid,59100,874.1
2024-08-13 07:27:19,BTCUSD_PERP,bid,59100,757.58
2024-08-13 07:27:19,BTCUSD_PERP,bid,59100,699.62
2024-08-13 07:27:20,BTCUSD_PERP,bid,59100,641.06
2024-08-13 07:27:20,BTCUSD_PERP,bid,59100,525.14
2024-08-13 07:28:36,BTCUSD_PERP,bid,59100,525.32
2024-08-13 07:31:41,BTCUSD_PERP,bid,59200,584.7
2024-08-13 07:31:56,BTCUSD_PERP,bid,59200,526.05
2024-08-13 07:31:56,BTCUSD_PERP,bid,59200,525.18
2024-08-13 07:31:56,BTCUSD_PERP,bid,59200,641.82
2024-08-13 07:33:18,BTCUSD_PERP,bid,59100,524.91
2024-08-13 07:33:18,BTCUSD_PERP,bid,59100,641.49
2024-08-13 07:33:18,BTCUSD_PERP,bid,59100,758.67
2024-08-13 07:33:34,BTCUSD_PERP,bid,59100,700.68
2024-08-13 07:33:34,BTCUSD_PERP,bid,59100,584.1
2024-08-13 07:33:35,BTCUSD_PERP,bid,59100,525.51
2024-08-13 07:33:35,BTCUSD_PERP,bid,59100,758.19
2024-08-13 07:33:43,BTCUSD_PERP,bid,59100,708.26
2024-08-13 07:33:43,BTCUSD_PERP,bid,59100,766.77
2024-08-13 07:33:49,BTCUSD_PERP,bid,59000,699.32
2024-08-13 07:33:49,BTCUSD_PERP,bid,59000,757.79
2024-08-13 07:33:52,BTCUSD_PERP,bid,59000,591.27
2024-08-13 07:33:52,BTCUSD_PERP,bid,59000,707.46
2024-08-13 07:33:52,BTCUSD_PERP,bid,59000,765.9
2024-08-13 07:33:57,BTCUSD_PERP,bid,59000,650.2
2024-08-13 07:33:57,BTCUSD_PERP,bid,59000,591.76
2024-08-13 07:33:58,BTCUSD_PERP,bid,59000,533.91
2024-08-13 07:35:22,BTCUSD_PERP,bid,59000,539.69
2024-08-13 07:35:22,BTCUSD_PERP,bid,59000,598.17
2024-08-13 07:35:40,BTCUSD_PERP,bid,59000,539.69
2024-08-13 07:35:41,BTCUSD_PERP,bid,59100,534.02
2024-08-13 07:38:32,BTCUSD_PERP,bid,59000,640.45
2024-08-13 07:38:35,BTCUSD_PERP,bid,59000,582.0
2024-08-13 07:38:35,BTCUSD_PERP,bid,59000,524.15
2024-08-13 07:38:36,BTCUSD_PERP,bid,59000,523.88
2024-08-13 07:38:36,BTCUSD_PERP,bid,59000,582.3
2024-08-13 07:38:53,BTCUSD_PERP,bid,59000,524.48
2024-08-13 07:38:55,BTCUSD_PERP,bid,59000,814.6
2024-08-13 07:40:00,BTCUSD_PERP,bid,59000,524.48
2024-08-13 07:40:58,BTCUSD_PERP,bid,59000,524.33
2024-08-13 07:40:58,BTCUSD_PERP,bid,59000,582.2
2024-08-13 07:40:58,BTCUSD_PERP,bid,59000,640.67
2024-08-13 07:40:59,BTCUSD_PERP,bid,59000,756.41
2024-08-13 07:40:59,BTCUSD_PERP,bid,59000,824.71
2024-08-13 07:41:35,BTCUSD_PERP,bid,59000,766.24
2024-08-13 07:41:35,BTCUSD_PERP,bid,59000,707.77
2024-08-13 07:41:35,BTCUSD_PERP,bid,59000,592.03
2024-08-13 07:41:35,BTCUSD_PERP,bid,59000,534.16
2024-08-13 07:48:33,BTCUSD_PERP,bid,59000,522.92
2024-08-13 07:49:15,BTCUSD_PERP,bid,59000,524.54
2024-08-13 07:49:16,BTCUSD_PERP,bid,59000,525.77
2024-08-13 07:49:27,BTCUSD_PERP,bid,59100,583.1
2024-08-13 07:49:27,BTCUSD_PERP,bid,59100,592.95
2024-08-13 07:50:20,BTCUSD_PERP,bid,59200,525.45
2024-08-13 07:50:20,BTCUSD_PERP,bid,59200,584.1
2024-08-13 07:50:39,BTCUSD_PERP,bid,59200,525.45
2024-08-13 07:50:56,BTCUSD_PERP,bid,59200,525.25
2024-08-13 07:50:56,BTCUSD_PERP,bid,59200,583.94
2024-08-13 07:51:47,BTCUSD_PERP,bid,59300,525.57
2024-08-13 07:51:47,BTCUSD_PERP,bid,59300,584.3
2024-08-13 07:51:54,BTCUSD_PERP,bid,59300,525.57
2024-08-13 07:52:09,BTCUSD_PERP,bid,59300,527.45
2024-08-13 07:52:10,BTCUSD_PERP,bid,59300,527.49
2024-08-13 07:52:44,BTCUSD_PERP,bid,59300,526.2
2024-08-13 07:53:04,BTCUSD_PERP,bid,59300,525.92
2024-08-13 07:53:41,BTCUSD_PERP,bid,59300,525.96
2024-08-13 07:53:43,BTCUSD_PERP,bid,59300,536.23
2024-08-13 07:53:59,BTCUSD_PERP,bid,59300,527.09
2024-08-13 07:54:00,BTCUSD_PERP,bid,59200,525.9
2024-08-13 07:54:42,BTCUSD_PERP,bid,59300,526.17
2024-08-13 07:54:42,BTCUSD_PERP,bid,59300,584.3
2024-08-13 07:54:42,BTCUSD_PERP,bid,59300,642.43
2024-08-13 07:54:45,BTCUSD_PERP,bid,59300,527.45
2024-08-13 07:55:04,BTCUSD_PERP,bid,59300,525.57
2024-08-13 07:55:31,BTCUSD_PERP,bid,59300,525.89
2024-08-13 07:55:32,BTCUSD_PERP,bid,59300,584.6
2024-08-13 07:55:41,BTCUSD_PERP,bid,59300,526.49
2024-08-13 07:55:41,BTCUSD_PERP,bid,59200,642.32
2024-08-13 07:55:41,BTCUSD_PERP,bid,59200,700.99
2024-08-13 07:56:02,BTCUSD_PERP,bid,59200,583.65
2024-08-13 07:56:03,BTCUSD_PERP,bid,59200,524.98
2024-08-13 07:56:04,BTCUSD_PERP,bid,59300,525.39
2024-08-13 07:56:04,BTCUSD_PERP,bid,59300,584.0
2024-08-13 07:56:18,BTCUSD_PERP,bid,59300,525.29
2024-08-13 08:00:39,BTCUSD_PERP,bid,59300,599.53
2024-08-13 08:00:40,BTCUSD_PERP,bid,59300,599.57
2024-08-13 08:01:11,BTCUSD_PERP,bid,59400,528.07
2024-08-13 08:01:11,BTCUSD_PERP,bid,59400,586.29
2024-08-13 08:01:12,BTCUSD_PERP,bid,59400,645.11
2024-08-13 08:01:12,BTCUSD_PERP,bid,59400,703.33
2024-08-13 08:01:48,BTCUSD_PERP,bid,59300,586.27
2024-08-13 08:01:48,BTCUSD_PERP,bid,59300,645.05
2024-08-13 08:01:59,BTCUSD_PERP,bid,59300,586.27
2024-08-13 08:01:59,BTCUSD_PERP,bid,59300,527.49
2024-08-13 08:02:00,BTCUSD_PERP,bid,59300,526.77
2024-08-13 08:02:00,BTCUSD_PERP,bid,59300,585.51
2024-08-13 08:02:13,BTCUSD_PERP,bid,59300,526.77
2024-08-13 08:02:42,BTCUSD_PERP,bid,59400,586.97
2024-08-13 08:02:42,BTCUSD_PERP,bid,59400,645.78
2024-08-13 08:02:42,BTCUSD_PERP,bid,59400,704.59
2024-08-13 08:02:42,BTCUSD_PERP,bid,59400,763.4
2024-08-13 08:02:42,BTCUSD_PERP,bid,59400,821.62
2024-08-13 08:02:43,BTCUSD_PERP,bid,59400,879.84
2024-08-13 08:02:43,BTCUSD_PERP,bid,59400,938.06
2024-08-13 08:02:43,BTCUSD_PERP,bid,59300,512.99
2024-08-13 08:02:43,BTCUSD_PERP,bid,59400,996.28
2024-08-13 08:02:43,BTCUSD_PERP,bid,59400,1113.81
2024-08-13 08:02:43,BTCUSD_PERP,bid,59300,571.74
2024-08-13 08:03:06,BTCUSD_PERP,bid,59300,512.99
2024-08-13 08:03:06,BTCUSD_PERP,bid,59400,996.78
2024-08-13 08:03:06,BTCUSD_PERP,bid,59400,937.97
2024-08-13 08:03:06,BTCUSD_PERP,bid,59400,879.75
2024-08-13 08:03:06,BTCUSD_PERP,bid,59300,644.21
2024-08-13 08:03:07,BTCUSD_PERP,bid,59300,702.99
2024-08-13 08:03:24,BTCUSD_PERP,bid,59300,644.21
2024-08-13 08:03:24,BTCUSD_PERP,bid,59400,528.75
2024-08-13 08:03:25,BTCUSD_PERP,bid,59400,586.97
2024-08-13 08:03:25,BTCUSD_PERP,bid,59400,704.59
2024-08-13 08:03:25,BTCUSD_PERP,bid,59400,762.81
2024-08-13 08:03:25,BTCUSD_PERP,bid,59400,821.62
2024-08-13 08:03:25,BTCUSD_PERP,bid,59400,996.87
2024-08-13 08:03:25,BTCUSD_PERP,bid,59400,1055.09
2024-08-13 08:03:25,BTCUSD_PERP,bid,59300,513.43
2024-08-13 08:03:26,BTCUSD_PERP,bid,59400,1113.81
2024-08-13 08:03:26,BTCUSD_PERP,bid,59300,571.74
2024-08-13 08:04:11,BTCUSD_PERP,bid,59400,1112.57
2024-08-13 08:04:21,BTCUSD_PERP,bid,59400,1053.85
2024-08-13 08:04:21,BTCUSD_PERP,bid,59400,995.63
2024-08-13 08:04:22,BTCUSD_PERP,bid,59300,513.43
2024-08-13 08:04:22,BTCUSD_PERP,bid,59400,937.41
2024-08-13 08:04:22,BTCUSD_PERP,bid,59300,701.72
2024-08-13 08:04:22,BTCUSD_PERP,bid,59300,1053.22
2024-08-13 08:04:22,BTCUSD_PERP,bid,59300,571.45
2024-08-13 08:04:22,BTCUSD_PERP,bid,59300,1112.0
2024-08-13 08:04:44,BTCUSD_PERP,bid,59300,512.73
2024-08-13 08:04:44,BTCUSD_PERP,bid,59300,1053.82
2024-08-13 08:04:44,BTCUSD_PERP,bid,59300,644.22
2024-08-13 08:04:44,BTCUSD_PERP,bid,59300,643.85
2024-08-13 08:04:44,BTCUSD_PERP,bid,59300,702.6
2024-08-13 08:04:50,BTCUSD_PERP,bid,59300,643.85
2024-08-13 08:04:50,BTCUSD_PERP,bid,59300,642.72
2024-08-13 08:04:50,BTCUSD_PERP,bid,59200,522.13
2024-08-13 08:04:50,BTCUSD_PERP,bid,59300,935.07
2024-08-13 08:04:50,BTCUSD_PERP,bid,59300,993.78
2024-08-13 08:04:50,BTCUSD_PERP,bid,59200,580.74
2024-08-13 08:04:51,BTCUSD_PERP,bid,59300,935.67
2024-08-13 08:04:51,BTCUSD_PERP,bid,59200,642.41
2024-08-13 08:04:51,BTCUSD_PERP,bid,59200,875.91
2024-08-13 08:04:52,BTCUSD_PERP,bid,59200,934.58
2024-08-13 08:04:58,BTCUSD_PERP,bid,59200,759.75
2024-08-13 08:04:58,BTCUSD_PERP,bid,59200,758.18
2024-08-13 08:04:59,BTCUSD_PERP,bid,59200,816.82
2024-08-13 08:05:13,BTCUSD_PERP,bid,59200,525.77
2024-08-13 08:05:15,BTCUSD_PERP,ask,60400,505.13
2024-08-13 08:05:16,BTCUSD_PERP,bid,59200,594.17
2024-08-13 08:05:16,BTCUSD_PERP,bid,59200,652.24
2024-08-13 08:05:28,BTCUSD_PERP,ask,60400,499.15
2024-08-13 08:05:37,BTCUSD_PERP,bid,59200,535.5
2024-08-13 08:05:37,BTCUSD_PERP,bid,59200,525.9
2024-08-13 08:05:38,BTCUSD_PERP,bid,59200,584.0
2024-08-13 08:05:38,BTCUSD_PERP,bid,59200,701.3
2024-08-13 08:05:56,BTCUSD_PERP,bid,59200,525.63
2024-08-13 08:05:56,BTCUSD_PERP,bid,59200,584.3
2024-08-13 08:06:27,BTCUSD_PERP,bid,59200,526.23
2024-08-13 08:06:27,BTCUSD_PERP,bid,59200,525.96
2024-08-13 08:06:27,BTCUSD_PERP,bid,59200,584.6
2024-08-13 08:06:32,BTCUSD_PERP,bid,59200,526.56
2024-08-13 08:06:33,BTCUSD_PERP,bid,59200,525.62
2024-08-13 08:06:33,BTCUSD_PERP,bid,59200,584.22
2024-08-13 08:06:46,BTCUSD_PERP,bid,59100,525.33
2024-08-13 08:06:46,BTCUSD_PERP,bid,59100,583.9
2024-08-13 08:06:50,BTCUSD_PERP,bid,59100,525.33
2024-08-13 08:06:50,BTCUSD_PERP,bid,59100,524.49
2024-08-13 08:07:09,BTCUSD_PERP,bid,59000,524.53
2024-08-13 08:07:09,BTCUSD_PERP,bid,59000,583.01
2024-08-13 08:07:16,BTCUSD_PERP,bid,59000,583.3
2024-08-13 08:07:32,BTCUSD_PERP,bid,58900,523.64
2024-08-13 08:07:59,BTCUSD_PERP,bid,59000,582.9
2024-08-13 08:07:59,BTCUSD_PERP,bid,59000,640.77
2024-08-13 08:08:30,BTCUSD_PERP,bid,59000,523.83
2024-08-13 08:08:31,BTCUSD_PERP,bid,59000,525.3
2024-08-13 08:08:31,BTCUSD_PERP,bid,59000,641.1
2024-08-13 08:09:52,BTCUSD_PERP,bid,59100,526.35
2024-08-13 08:10:16,BTCUSD_PERP,bid,59100,642.18
2024-08-13 08:10:16,BTCUSD_PERP,bid,59100,700.14
2024-08-13 08:10:16,BTCUSD_PERP,bid,59000,510.69
2024-08-13 08:10:17,BTCUSD_PERP,bid,59100,758.69
2024-08-13 08:10:36,BTCUSD_PERP,bid,59100,990.61
2024-08-13 08:10:36,BTCUSD_PERP,bid,59000,510.47
2024-08-13 08:10:37,BTCUSD_PERP,bid,59100,1098.32
2024-08-13 08:11:00,BTCUSD_PERP,bid,59100,1049.13
2024-08-13 08:11:21,BTCUSD_PERP,bid,59000,699.31
2024-08-13 08:11:21,BTCUSD_PERP,bid,59000,1058.25
2024-08-13 08:11:21,BTCUSD_PERP,bid,59000,1116.73
2024-08-13 08:12:01,BTCUSD_PERP,bid,59000,1058.25
2024-08-13 08:12:01,BTCUSD_PERP,bid,59000,825.51
2024-08-13 08:12:01,BTCUSD_PERP,bid,59000,767.03
2024-08-13 08:12:02,BTCUSD_PERP,bid,58900,509.83
2024-08-13 08:12:02,BTCUSD_PERP,bid,59000,989.42
2024-08-13 08:12:02,BTCUSD_PERP,bid,59000,1047.87
2024-08-13 08:12:02,BTCUSD_PERP,bid,58900,568.18
2024-08-13 08:12:10,BTCUSD_PERP,bid,59000,931.56
2024-08-13 08:12:10,BTCUSD_PERP,bid,58900,510.37
2024-08-13 08:12:10,BTCUSD_PERP,bid,59000,873.11
2024-08-13 08:12:10,BTCUSD_PERP,bid,59000,815.25
2024-08-13 08:12:10,BTCUSD_PERP,bid,59000,757.4
2024-08-13 08:12:10,BTCUSD_PERP,bid,59000,641.09
2024-08-13 08:12:11,BTCUSD_PERP,bid,59000,524.19
2024-08-13 08:12:11,BTCUSD_PERP,bid,59000,699.26
2024-08-13 08:12:11,BTCUSD_PERP,bid,59000,757.74
2024-08-13 08:12:11,BTCUSD_PERP,bid,59000,815.62
2024-08-13 08:12:11,BTCUSD_PERP,bid,59000,510.13
2024-08-13 08:12:20,BTCUSD_PERP,bid,59000,699.26
2024-08-13 08:12:21,BTCUSD_PERP,bid,59000,641.38
2024-08-13 08:12:21,BTCUSD_PERP,bid,59000,582.9
2024-08-13 08:12:21,BTCUSD_PERP,bid,59000,525.02
2024-08-13 08:12:21,BTCUSD_PERP,bid,59100,582.74
2024-08-13 08:12:22,BTCUSD_PERP,bid,59100,641.25
2024-08-13 08:12:22,BTCUSD_PERP,bid,59100,758.18
2024-08-13 08:12:22,BTCUSD_PERP,bid,59100,816.1
2024-08-13 08:12:36,BTCUSD_PERP,bid,59100,757.59
2024-08-13 08:12:37,BTCUSD_PERP,bid,59100,699.08
2024-08-13 08:12:37,BTCUSD_PERP,bid,59000,510.12
2024-08-13 08:12:37,BTCUSD_PERP,bid,59000,757.19
2024-08-13 08:12:37,BTCUSD_PERP,bid,59000,815.67
2024-08-13 08:12:38,BTCUSD_PERP,bid,59000,829.82
2024-08-13 08:12:55,BTCUSD_PERP,bid,59000,524.87
2024-08-13 08:12:55,BTCUSD_PERP,bid,59000,756.79
2024-08-13 08:12:55,BTCUSD_PERP,bid,58900,509.85
2024-08-13 08:12:55,BTCUSD_PERP,bid,59000,815.24
2024-08-13 08:14:13,BTCUSD_PERP,bid,59000,698.34
2024-08-13 08:15:12,BTCUSD_PERP,bid,59000,523.96
2024-08-13 08:15:12,BTCUSD_PERP,bid,59000,582.44
2024-08-13 08:15:13,BTCUSD_PERP,bid,59000,640.33
2024-08-13 08:15:18,BTCUSD_PERP,bid,59000,523.96
2024-08-13 08:15:18,BTCUSD_PERP,bid,59000,699.04
2024-08-13 08:15:18,BTCUSD_PERP,bid,59000,815.24
2024-08-13 08:15:18,BTCUSD_PERP,bid,59000,873.69
2024-08-13 08:16:23,BTCUSD_PERP,bid,59000,757.38
2024-08-13 08:16:23,BTCUSD_PERP,bid,59000,583.22
2024-08-13 08:16:24,BTCUSD_PERP,bid,59000,525.2
2024-08-13 08:16:24,BTCUSD_PERP,bid,59000,583.7
2024-08-13 08:18:26,BTCUSD_PERP,bid,59100,582.81
2024-08-13 08:18:27,BTCUSD_PERP,bid,59100,641.33
2024-08-13 08:19:20,BTCUSD_PERP,bid,59100,525.33
2024-08-13 08:25:51,BTCUSD_PERP,bid,59200,536.14
2024-08-13 08:25:56,BTCUSD_PERP,bid,59200,536.18
2024-08-13 08:27:38,BTCUSD_PERP,bid,59100,526.01
2024-08-13 08:28:52,BTCUSD_PERP,bid,59100,599.87
2024-08-13 08:28:52,BTCUSD_PERP,bid,59100,773.6
2024-08-13 08:28:53,BTCUSD_PERP,bid,59100,832.1
2024-08-13 08:29:00,BTCUSD_PERP,bid,59100,773.6
2024-08-13 08:29:00,BTCUSD_PERP,bid,59100,599.28
2024-08-13 08:29:00,BTCUSD_PERP,bid,59000,814.94
2024-08-13 08:29:00,BTCUSD_PERP,bid,59000,872.82
2024-08-13 08:29:00,BTCUSD_PERP,bid,59000,931.29
2024-08-13 08:30:35,BTCUSD_PERP,bid,59000,872.92
2024-08-13 08:30:35,BTCUSD_PERP,bid,59000,931.8
2024-08-13 08:30:36,BTCUSD_PERP,bid,59000,990.23
2024-08-13 08:31:09,BTCUSD_PERP,bid,59000,931.9
2024-08-13 08:31:09,BTCUSD_PERP,bid,59000,873.47
2024-08-13 08:31:10,BTCUSD_PERP,bid,59000,815.04
2024-08-13 08:31:10,BTCUSD_PERP,bid,59000,699.38
2024-08-13 08:31:10,BTCUSD_PERP,bid,59000,582.52
2024-08-13 08:31:10,BTCUSD_PERP,bid,59000,524.69
2024-08-13 08:31:11,BTCUSD_PERP,bid,59000,639.63
2024-08-13 08:31:11,BTCUSD_PERP,bid,59000,814.45
2024-08-13 08:32:04,BTCUSD_PERP,bid,59000,756.57
2024-08-13 08:32:04,BTCUSD_PERP,bid,59000,581.16
2024-08-13 08:32:05,BTCUSD_PERP,bid,59000,523.28
2024-08-13 08:37:21,BTCUSD_PERP,bid,59100,526.02
2024-08-13 08:37:21,BTCUSD_PERP,bid,59100,584.0
2024-08-13 08:37:21,BTCUSD_PERP,bid,59100,641.98
2024-08-13 08:37:21,BTCUSD_PERP,bid,59100,699.96
2024-08-13 08:37:22,BTCUSD_PERP,bid,59100,758.44
2024-08-13 08:40:16,BTCUSD_PERP,bid,59100,699.86
2024-08-13 08:40:16,BTCUSD_PERP,bid,59100,524.72
2024-08-13 08:40:17,BTCUSD_PERP,bid,59200,583.1
2024-08-13 08:40:17,BTCUSD_PERP,bid,59200,641.71
2024-08-13 08:40:17,BTCUSD_PERP,bid,59200,699.72
2024-08-13 08:40:17,BTCUSD_PERP,bid,59200,816.84
2024-08-13 08:40:31,BTCUSD_PERP,bid,59200,641.61
2024-08-13 08:40:31,BTCUSD_PERP,bid,59200,525.59
2024-08-13 08:40:32,BTCUSD_PERP,bid,59200,525.45
2024-08-13 08:42:13,BTCUSD_PERP,bid,59200,525.18
2024-08-13 08:42:14,BTCUSD_PERP,bid,59200,583.8
2024-08-13 08:42:57,BTCUSD_PERP,ask,60300,503.82
2024-08-13 08:42:57,BTCUSD_PERP,ask,60300,513.47
2024-08-13 08:43:25,BTCUSD_PERP,ask,60300,507.44
2024-08-13 08:46:40,BTCUSD_PERP,bid,59200,524.9
2024-08-13 08:46:40,BTCUSD_PERP,bid,59200,583.56
2024-08-13 08:46:41,BTCUSD_PERP,bid,59200,642.22
2024-08-13 08:49:15,BTCUSD_PERP,bid,59200,525.17
2024-08-13 08:50:09,BTCUSD_PERP,bid,59200,525.49
2024-08-13 08:50:28,BTCUSD_PERP,bid,59200,585.2
2024-08-13 08:50:29,BTCUSD_PERP,bid,59200,701.4
2024-08-13 08:50:29,BTCUSD_PERP,bid,59200,818.2
2024-08-13 08:50:29,BTCUSD_PERP,bid,59200,876.3
2024-08-13 08:51:02,BTCUSD_PERP,bid,59200,759.5
2024-08-13 08:51:02,BTCUSD_PERP,bid,59200,700.8
2024-08-13 08:51:02,BTCUSD_PERP,bid,59200,583.7
2024-08-13 08:51:02,BTCUSD_PERP,bid,59200,641.77
2024-08-13 08:51:02,BTCUSD_PERP,bid,59200,700.44
2024-08-13 08:51:41,BTCUSD_PERP,bid,59200,583.4
2024-08-13 08:51:41,BTCUSD_PERP,bid,59200,759.5
2024-08-13 08:51:41,BTCUSD_PERP,bid,59200,818.2
2024-08-13 08:51:41,BTCUSD_PERP,bid,59200,876.3
2024-08-13 08:51:41,BTCUSD_PERP,bid,59200,934.4
2024-08-13 08:52:07,BTCUSD_PERP,bid,59200,875.7
2024-08-13 08:52:07,BTCUSD_PERP,bid,59200,817.6
2024-08-13 08:52:07,BTCUSD_PERP,bid,59200,758.9
2024-08-13 08:52:07,BTCUSD_PERP,bid,59200,700.2
2024-08-13 08:52:08,BTCUSD_PERP,bid,59200,584.0
2024-08-13 08:52:08,BTCUSD_PERP,bid,59200,525.9
2024-08-13 08:52:08,BTCUSD_PERP,bid,59200,525.03
2024-08-13 08:52:08,BTCUSD_PERP,bid,59200,875.25
2024-08-13 08:52:08,BTCUSD_PERP,bid,59200,933.92
2024-08-13 08:53:02,BTCUSD_PERP,bid,59200,875.85
2024-08-13 08:53:05,BTCUSD_PERP,bid,59200,699.84
2024-08-13 08:53:05,BTCUSD_PERP,bid,59300,700.92
2024-08-13 08:53:05,BTCUSD_PERP,bid,59300,875.85
2024-08-13 08:53:05,BTCUSD_PERP,bid,59300,934.56
2024-08-13 08:54:51,BTCUSD_PERP,bid,59300,817.74
2024-08-13 08:54:51,BTCUSD_PERP,bid,59300,700.92
2024-08-13 08:54:51,BTCUSD_PERP,bid,59300,584.1
2024-08-13 08:54:51,BTCUSD_PERP,bid,59300,525.99
2024-08-13 08:54:52,BTCUSD_PERP,bid,59300,583.89
2024-08-13 08:54:52,BTCUSD_PERP,bid,59300,642.04
2024-08-13 08:54:52,BTCUSD_PERP,bid,59300,700.19
2024-08-13 08:54:52,BTCUSD_PERP,bid,59300,817.69
2024-08-13 08:54:52,BTCUSD_PERP,bid,59300,876.44
2024-08-13 08:54:52,BTCUSD_PERP,bid,59300,935.19
2024-08-13 08:54:55,BTCUSD_PERP,bid,59300,936.43
2024-08-13 08:54:56,BTCUSD_PERP,bid,59300,950.65
2024-08-13 08:55:22,BTCUSD_PERP,bid,59300,891.9
2024-08-13 08:55:22,BTCUSD_PERP,bid,59300,833.15
2024-08-13 08:55:22,BTCUSD_PERP,bid,59300,716.25
2024-08-13 08:55:22,BTCUSD_PERP,bid,59300,657.5
2024-08-13 08:55:23,BTCUSD_PERP,bid,59300,598.75
2024-08-13 08:55:23,BTCUSD_PERP,bid,59300,540.6
2024-08-13 08:55:23,BTCUSD_PERP,bid,59300,526.17
2024-08-13 08:55:23,BTCUSD_PERP,bid,59300,584.89
2024-08-13 08:55:23,BTCUSD_PERP,bid,59300,643.01
2024-08-13 08:55:24,BTCUSD_PERP,bid,59300,701.73
2024-08-13 08:55:24,BTCUSD_PERP,bid,59300,818.57
2024-08-13 08:55:24,BTCUSD_PERP,bid,59300,876.69
2024-08-13 08:56:34,BTCUSD_PERP,bid,59300,817.97
2024-08-13 08:56:35,BTCUSD_PERP,bid,59200,524.84
2024-08-13 08:56:43,BTCUSD_PERP,bid,59200,524.88
2024-08-13 08:59:50,BTCUSD_PERP,ask,60400,502.78
2024-08-13 08:59:50,BTCUSD_PERP,ask,60400,512.43
2024-08-13 08:59:51,BTCUSD_PERP,ask,60400,518.46
2024-08-13 08:59:53,BTCUSD_PERP,ask,60400,528.11
2024-08-13 08:59:58,BTCUSD_PERP,ask,60400,537.76
2024-08-13 09:00:00,BTCUSD_PERP,ask,60400,518.03
2024-08-13 09:00:01,BTCUSD_PERP,ask,60400,537.94
2024-08-13 09:00:02,BTCUSD_PERP,ask,60400,547.29
2024-08-13 09:00:06,BTCUSD_PERP,ask,60400,537.64
2024-08-13 09:00:40,BTCUSD_PERP,ask,60400,528.04
2024-08-13 09:00:45,BTCUSD_PERP,ask,60400,518.39
2024-08-13 09:00:46,BTCUSD_PERP,ask,60400,498.48
2024-08-13 09:01:29,BTCUSD_PERP,bid,59200,643.08
2024-08-13 09:01:29,BTCUSD_PERP,bid,59200,769.71
2024-08-13 09:01:29,BTCUSD_PERP,bid,59200,828.39
2024-08-13 09:01:31,BTCUSD_PERP,bid,59200,829.63
2024-08-13 09:01:33,BTCUSD_PERP,bid,59200,538.03
2024-08-13 09:01:33,BTCUSD_PERP,bid,59200,642.15
2024-08-13 09:01:34,BTCUSD_PERP,bid,59200,700.8
2024-08-13 09:01:52,BTCUSD_PERP,bid,59200,642.75
2024-08-13 09:01:52,BTCUSD_PERP,bid,59200,584.7
2024-08-13 09:01:52,BTCUSD_PERP,bid,59200,526.05
2024-08-13 09:01:53,BTCUSD_PERP,bid,59200,526.92
2024-08-13 09:03:05,BTCUSD_PERP,bid,59100,526.04
2024-08-13 09:03:05,BTCUSD_PERP,bid,59100,642.63
2024-08-13 09:03:05,BTCUSD_PERP,bid,59100,701.22
2024-08-13 09:03:11,BTCUSD_PERP,bid,59100,642.29
2024-08-13 09:03:11,BTCUSD_PERP,bid,59100,511.4
2024-08-13 09:03:11,BTCUSD_PERP,bid,59100,700.85
2024-08-13 09:03:41,BTCUSD_PERP,bid,59100,525.77
2024-08-13 14:05:48,BTCUSD_PERP,bid,58800,579.25
2024-08-13 14:05:48,BTCUSD_PERP,bid,58800,637.53
2024-08-13 14:05:48,BTCUSD_PERP,bid,58800,647.33
