1726792566590,BTCUSDT,bid,47000,840.499
1726795704122,BTCUSDT,bid,60200,600.022
1726797639105,BTCUSDT,bid,60200,600.025
1726797921349,BTCUSDT,bid,60200,600.029
1726797947222,BTCUSDT,bid,60200,600.025
1726797972782,BTCUSDT,bid,60200,600.029
1726797998793,BTCUSDT,bid,60200,600.025
1726798063062,BTCUSDT,bid,60200,600.029
1726798075779,BTCUSDT,bid,60200,600.025
1726798131754,BTCUSDT,bid,60200,600.022
1726790452244,BTCUSD_PERP,bid,62400,554.14
1726790452346,BTCUSD_PERP,bid,62400,677.21
1726790452454,BTCUSD_PERP,bid,62400,739.06
1726790452732,BTCUSD_PERP,bid,62400,862.14
1726790452851,BTCUSD_PERP,bid,62400,923.99
1726790585290,BTCUSD_PERP,bid,62400,677.53
1726790585386,BTCUSD_PERP,bid,62400,861.71
1726790606788,BTCUSD_PERP,bid,62400,737.7
1726790606889,BTCUSD_PERP,bid,62400,922.44
1726790627455,BTCUSD_PERP,bid,62400,860.65
1726790627558,BTCUSD_PERP,bid,62400,492.43
1726790627661,BTCUSD_PERP,bid,62300,921.98
1726790656505,BTCUSD_PERP,bid,62300,860.22
1726790656607,BTCUSD_PERP,bid,62300,737.96
1726790656713,BTCUSD_PERP,bid,62300,676.83
1726790656811,BTCUSD_PERP,bid,62300,553.31
1726790657108,BTCUSD_PERP,bid,62300,491.55
1726790657413,BTCUSD_PERP,bid,62400,492.44
1726790657517,BTCUSD_PERP,bid,62400,616.02
1726790657720,BTCUSD_PERP,bid,62400,799.5
1726790657825,BTCUSD_PERP,bid,62400,861.29
1726790715470,BTCUSD_PERP,bid,62400,491.81
1726790715687,BTCUSD_PERP,bid,62400,492.08
1726790725484,BTCUSD_PERP,bid,62400,614.73
1726790792005,BTCUSD_PERP,bid,62400,491.79
1726790822100,BTCUSD_PERP,bid,62300,506.07
1726790942851,BTCUSD_PERP,bid,62300,491.26
1726790968836,BTCUSD_PERP,bid,62300,491.56
1726791009647,BTCUSD_PERP,bid,62300,490.58
1726791009744,BTCUSD_PERP,bid,62300,552.3
1726791009949,BTCUSD_PERP,bid,62300,614.02
1726791114237,BTCUSD_PERP,bid,62300,552.94
1726791114953,BTCUSD_PERP,bid,62300,614.36
1726791420690,BTCUSD_PERP,ask,63500,502.15
1726791443773,BTCUSD_PERP,ask,63500,492.09
1726791525449,BTCUSD_PERP,bid,62300,490.61
1726791526941,BTCUSD_PERP,bid,62300,490.76
1726791728212,BTCUSD_PERP,bid,62300,490.61
1726791926060,BTCUSD_PERP,bid,62300,490.35
1726791930850,BTCUSD_PERP,bid,62300,502.48
1726791936579,BTCUSD_PERP,bid,62300,502.63
1726791941151,BTCUSD_PERP,bid,62300,502.78
1726792355904,BTCUSD_PERP,ask,63400,481.39
1726792356866,BTCUSD_PERP,ask,63400,502.31
1726792358392,BTCUSD_PERP,ask,63400,512.45
1726792424148,BTCUSD_PERP,bid,62100,796.39
1726792430777,BTCUSD_PERP,bid,62100,735.47
1726792430879,BTCUSD_PERP,bid,62100,551.45
1726792526773,BTCUSD_PERP,bid,62200,493.29
1726792541764,BTCUSD_PERP,bid,62100,869.96
1726792567240,BTCUSD_PERP,bid,62100,808.41
1726792567341,BTCUSD_PERP,bid,62100,746.86
1726792567645,BTCUSD_PERP,bid,62100,625.02
1726792567752,BTCUSD_PERP,bid,62100,564.1
1726792639699,BTCUSD_PERP,bid,62100,552.68
1726792639798,BTCUSD_PERP,bid,62100,614.24
1726792689354,BTCUSD_PERP,bid,62100,491.12
1726792797048,BTCUSD_PERP,bid,62300,491.46
1726792797252,BTCUSD_PERP,bid,62300,614.82
1726792821932,BTCUSD_PERP,bid,62300,553.77
1726792822136,BTCUSD_PERP,bid,62300,492.19
1726792823558,BTCUSD_PERP,bid,62300,493.87
1726792844358,BTCUSD_PERP,bid,62300,492.91
1726792844462,BTCUSD_PERP,bid,62300,554.6
1726793061004,BTCUSD_PERP,bid,62300,554.96
1726793061150,BTCUSD_PERP,bid,62300,616.69
1726793115659,BTCUSD_PERP,bid,62300,555.59
1726793115968,BTCUSD_PERP,bid,62300,492.97
1726793116073,BTCUSD_PERP,bid,62300,554.67
1726793116170,BTCUSD_PERP,bid,62300,616.37
1726793190014,BTCUSD_PERP,bid,62300,554.67
1726793190121,BTCUSD_PERP,bid,62300,492.97
1726793192157,BTCUSD_PERP,bid,62300,493.21
1726793234063,BTCUSD_PERP,bid,62300,494.08
1726793234165,BTCUSD_PERP,bid,62300,678.73
1726793234270,BTCUSD_PERP,bid,62300,740.49
1726793234797,BTCUSD_PERP,bid,62300,801.63
1726793234904,BTCUSD_PERP,bid,62300,862.76
1726793234985,BTCUSD_PERP,bid,62300,924.52
1726793274288,BTCUSD_PERP,bid,62300,739.24
1726793274805,BTCUSD_PERP,bid,62300,615.72
1726793275115,BTCUSD_PERP,bid,62300,553.96
1726793275220,BTCUSD_PERP,bid,62300,492.83
1726793275624,BTCUSD_PERP,bid,62400,507.32
1726793275727,BTCUSD_PERP,bid,62400,630.29
1726793275819,BTCUSD_PERP,bid,62400,692.09
1726793276037,BTCUSD_PERP,bid,62400,876.23
1726793276240,BTCUSD_PERP,bid,62400,938.03
1726793315686,BTCUSD_PERP,bid,62400,629.66
1726793315778,BTCUSD_PERP,bid,62300,985.03
1726793315989,BTCUSD_PERP,bid,62300,1046.79
1726793471994,BTCUSD_PERP,bid,62300,615.42
1726793472093,BTCUSD_PERP,bid,62300,677.15
1726793540918,BTCUSD_PERP,bid,62300,615.42
1726793541226,BTCUSD_PERP,bid,62300,676.81
1726793682320,BTCUSD_PERP,bid,62300,492.34
1726793682421,BTCUSD_PERP,bid,62300,861.7
1726793790165,BTCUSD_PERP,bid,62300,738.87
1726793790265,BTCUSD_PERP,bid,62300,615.11
1726793790362,BTCUSD_PERP,bid,62300,861.28
1726793827042,BTCUSD_PERP,bid,62300,799.58
1726793827145,BTCUSD_PERP,bid,62200,615.44
1726793827242,BTCUSD_PERP,bid,62200,860.86
1726793976612,BTCUSD_PERP,bid,62200,675.43
1726794166042,BTCUSD_PERP,bid,62200,736.46
1726794166245,BTCUSD_PERP,bid,62200,798.05
1726794196228,BTCUSD_PERP,bid,62100,736.1
1726794196428,BTCUSD_PERP,bid,62100,797.66
1726794217176,BTCUSD_PERP,bid,62100,490.3
1726794217276,BTCUSD_PERP,bid,62000,536.76
1726794217276,BTCUSD_PERP,bid,62100,1042.18
1726794217480,BTCUSD_PERP,bid,62100,1103.71
1726794220522,BTCUSD_PERP,bid,62100,1042.28
1726794220630,BTCUSD_PERP,bid,62100,858.95
1726794220844,BTCUSD_PERP,bid,62100,736.52
1726794220929,BTCUSD_PERP,bid,62100,674.99
1726794221151,BTCUSD_PERP,bid,62100,552.56
1726794221250,BTCUSD_PERP,bid,62100,674.54
1726794267759,BTCUSD_PERP,bid,62100,613.08
1726794267959,BTCUSD_PERP,bid,62100,489.96
1726794268566,BTCUSD_PERP,bid,62200,490.88
1726794268670,BTCUSD_PERP,bid,62200,552.47
1726794268872,BTCUSD_PERP,bid,62200,613.44
1726794302638,BTCUSD_PERP,bid,62100,489.24
1726794302737,BTCUSD_PERP,bid,62100,735.48
1726794375360,BTCUSD_PERP,bid,62100,613.28
1726794423058,BTCUSD_PERP,bid,62100,551.75
1726794423263,BTCUSD_PERP,bid,62100,490.55
1726794597935,BTCUSD_PERP,bid,62100,490.35
1726794598038,BTCUSD_PERP,bid,62100,551.88
1726794608129,BTCUSD_PERP,bid,62100,490.11
1726794669915,BTCUSD_PERP,bid,62100,490.88
1726794670014,BTCUSD_PERP,bid,62100,552.41
1726794721655,BTCUSD_PERP,bid,62100,491.17
1726794721772,BTCUSD_PERP,bid,62100,552.74
1726794721875,BTCUSD_PERP,bid,62100,614.31
1726794726295,BTCUSD_PERP,bid,62100,552.74
1726794727415,BTCUSD_PERP,bid,62200,490.99
1726794727513,BTCUSD_PERP,bid,62200,613.48
1726794727617,BTCUSD_PERP,bid,62200,675.09
1726794727717,BTCUSD_PERP,bid,62200,736.7
1726794727820,BTCUSD_PERP,bid,62200,798.31
1726794728125,BTCUSD_PERP,bid,62200,859.29
1726794728227,BTCUSD_PERP,bid,62200,920.9
1726794728427,BTCUSD_PERP,bid,62100,537.39
1726794750666,BTCUSD_PERP,bid,62200,859.29
1726794750868,BTCUSD_PERP,bid,62200,798.31
1726794750970,BTCUSD_PERP,bid,62200,613.58
1726794751073,BTCUSD_PERP,bid,62200,551.97
1726794751176,BTCUSD_PERP,bid,62200,490.99
1726794751376,BTCUSD_PERP,bid,62200,491.78
1726794751476,BTCUSD_PERP,bid,62200,553.42
1726794751580,BTCUSD_PERP,bid,62200,676.07
1726794751684,BTCUSD_PERP,bid,62200,737.71
1726794751884,BTCUSD_PERP,bid,62200,798.72
1726794751987,BTCUSD_PERP,bid,62200,859.73
1726794752294,BTCUSD_PERP,bid,62200,920.74
1726794752397,BTCUSD_PERP,bid,62200,982.38
1726794797337,BTCUSD_PERP,bid,62200,921.37
1726794797443,BTCUSD_PERP,bid,62200,735.54
1726794797544,BTCUSD_PERP,bid,62100,491.29
1726794797544,BTCUSD_PERP,bid,62200,1105.1
1726794829572,BTCUSD_PERP,bid,62200,675.41
1726794848270,BTCUSD_PERP,bid,62100,551.88
1726794848270,BTCUSD_PERP,bid,62100,551.98
1726794854406,BTCUSD_PERP,ask,63300,480.95
1726794941888,BTCUSD_PERP,ask,63400,490.91
1726794958359,BTCUSD_PERP,bid,62200,490.4
1726794958458,BTCUSD_PERP,bid,62200,552.01
1726794958661,BTCUSD_PERP,bid,62200,613.52
1726794958753,BTCUSD_PERP,bid,62200,674.51
1726794958862,BTCUSD_PERP,bid,62200,735.49
1726794959073,BTCUSD_PERP,bid,62200,796.48
1726794959273,BTCUSD_PERP,bid,62200,858.09
1726794959568,BTCUSD_PERP,bid,62200,919.7
1726795062443,BTCUSD_PERP,bid,62200,537.74
1726795062443,BTCUSD_PERP,bid,62200,1166.81
1726795062656,BTCUSD_PERP,bid,62200,599.28
1726795254229,BTCUSD_PERP,bid,62200,920.95
1726795254328,BTCUSD_PERP,bid,62200,491.0
1726795254328,BTCUSD_PERP,bid,62200,552.51
1726795254429,BTCUSD_PERP,bid,62200,613.59
1726795263200,BTCUSD_PERP,bid,62200,491.0
1726795263804,BTCUSD_PERP,bid,62200,551.98
1726795263909,BTCUSD_PERP,bid,62200,490.37
1726795263993,BTCUSD_PERP,bid,62200,491.77
1726795264110,BTCUSD_PERP,bid,62200,553.41
1726795264210,BTCUSD_PERP,bid,62200,798.72
1726795264311,BTCUSD_PERP,bid,62200,859.73
1726795264520,BTCUSD_PERP,bid,62200,921.37
1726795264615,BTCUSD_PERP,bid,62200,538.15
1726795264824,BTCUSD_PERP,bid,62200,982.38
1726795264954,BTCUSD_PERP,bid,62200,1105.03
1726795265054,BTCUSD_PERP,bid,62200,599.27
1726795265138,BTCUSD_PERP,bid,62200,1166.67
1726795382981,BTCUSD_PERP,bid,62200,1044.02
1726795383087,BTCUSD_PERP,bid,62100,537.46
1726795383087,BTCUSD_PERP,bid,62200,797.07
1726795383184,BTCUSD_PERP,bid,62200,1166.1
1726795383287,BTCUSD_PERP,bid,62100,598.97
1726795440059,BTCUSD_PERP,bid,62100,537.42
1726795440160,BTCUSD_PERP,bid,62200,1104.59
1726795440256,BTCUSD_PERP,bid,62100,491.26
1726795440356,BTCUSD_PERP,bid,62200,1042.98
1726795440459,BTCUSD_PERP,bid,62200,860.03
1726795440563,BTCUSD_PERP,bid,62200,737.44
1726795440666,BTCUSD_PERP,bid,62200,735.08
1726795440762,BTCUSD_PERP,bid,62200,1165.51
1726795440868,BTCUSD_PERP,bid,62100,537.14
1726795440965,BTCUSD_PERP,bid,62200,1167.74
1726795501512,BTCUSD_PERP,bid,62100,551.33
1726795501616,BTCUSD_PERP,bid,62100,796.27
1726795550126,BTCUSD_PERP,bid,62100,735.35
1726795550216,BTCUSD_PERP,bid,62100,613.51
1726795550340,BTCUSD_PERP,bid,62100,552.59
1726795550436,BTCUSD_PERP,bid,62100,491.67
1726795550952,BTCUSD_PERP,bid,62200,490.76
1726795551053,BTCUSD_PERP,bid,62200,552.34
1726795551256,BTCUSD_PERP,bid,62200,613.82
1726795551357,BTCUSD_PERP,bid,62200,675.4
1726795551457,BTCUSD_PERP,bid,62200,736.98
1726795551550,BTCUSD_PERP,bid,62200,797.93
1726795551661,BTCUSD_PERP,bid,62200,920.46
1726795551870,BTCUSD_PERP,bid,62100,537.62
1726795552078,BTCUSD_PERP,bid,62200,982.04
1726795552181,BTCUSD_PERP,bid,62200,1043.62
1726795576018,BTCUSD_PERP,bid,62100,491.48
1726795576018,BTCUSD_PERP,bid,62200,736.35
1726795576111,BTCUSD_PERP,bid,62200,613.82
1726795576220,BTCUSD_PERP,bid,62200,491.29
1726795811988,BTCUSD_PERP,bid,62300,553.59
1726795812210,BTCUSD_PERP,bid,62300,615.31
1726795812319,BTCUSD_PERP,bid,62300,677.03
1726795815605,BTCUSD_PERP,bid,62300,691.97
1726795848913,BTCUSD_PERP,bid,62300,568.53
1726795849218,BTCUSD_PERP,bid,62300,507.44
1726795850234,BTCUSD_PERP,bid,62300,492.16
1726795850437,BTCUSD_PERP,bid,62300,615.68
1726795850639,BTCUSD_PERP,bid,62300,677.44
1726795960945,BTCUSD_PERP,bid,62300,615.68
1726795961145,BTCUSD_PERP,bid,62300,553.92
1726795962164,BTCUSD_PERP,bid,62400,492.43
1726795962267,BTCUSD_PERP,bid,62400,554.22
1726795962370,BTCUSD_PERP,bid,62400,616.01
1726795973367,BTCUSD_PERP,bid,62400,491.87
1726795973671,BTCUSD_PERP,bid,62400,553.68
1726796012214,BTCUSD_PERP,bid,62400,554.22
1726796012417,BTCUSD_PERP,bid,62400,492.43
1726796066177,BTCUSD_PERP,bid,62400,492.5
1726796277577,BTCUSD_PERP,bid,62400,492.25
1726796277682,BTCUSD_PERP,bid,62400,554.03
1726796418781,BTCUSD_PERP,bid,62300,492.19
1726796500330,BTCUSD_PERP,bid,62400,492.49
1726796502357,BTCUSD_PERP,bid,62400,507.44
1726796622958,BTCUSD_PERP,bid,62400,492.49
1726797354984,BTCUSD_PERP,bid,62600,494.11
1726797355086,BTCUSD_PERP,bid,62600,555.48
1726797355204,BTCUSD_PERP,bid,62600,617.48
1726797355305,BTCUSD_PERP,bid,62600,679.48
1726797424819,BTCUSD_PERP,bid,62500,493.24
1726797424916,BTCUSD_PERP,bid,62500,555.13
1726797454005,BTCUSD_PERP,bid,62500,493.24
1726797454205,BTCUSD_PERP,bid,62500,554.84
1726797454314,BTCUSD_PERP,bid,62500,616.77
1726797457134,BTCUSD_PERP,bid,62500,631.76
1726797458570,BTCUSD_PERP,bid,62500,633.32
1726797458978,BTCUSD_PERP,bid,62500,635.56
1726797490031,BTCUSD_PERP,bid,62500,573.63
1726797490226,BTCUSD_PERP,bid,62500,512.34
1726797582956,BTCUSD_PERP,bid,62500,493.21
1726797684908,BTCUSD_PERP,bid,62500,492.74
1726797685213,BTCUSD_PERP,bid,62500,616.58
1726797692320,BTCUSD_PERP,bid,62500,618.14
1726797698922,BTCUSD_PERP,bid,62500,633.13
1726797703138,BTCUSD_PERP,bid,62500,635.37
1726797711562,BTCUSD_PERP,bid,62500,492.92
1726797738568,BTCUSD_PERP,bid,62500,574.08
1726797757505,BTCUSD_PERP,bid,62500,512.79
1726797757608,BTCUSD_PERP,bid,62500,493.61
1726797757717,BTCUSD_PERP,bid,62500,555.56
1726797758236,BTCUSD_PERP,bid,62500,616.89
1726797809711,BTCUSD_PERP,bid,62600,493.87
1726797809917,BTCUSD_PERP,bid,62600,555.21
1726797810531,BTCUSD_PERP,bid,62600,617.18
1726797875701,BTCUSD_PERP,bid,62600,493.87
1726797875802,BTCUSD_PERP,bid,62500,493.63
1726797876002,BTCUSD_PERP,bid,62500,555.57
1726797879359,BTCUSD_PERP,bid,62500,616.6
1726797904145,BTCUSD_PERP,bid,62500,555.3
1726797904249,BTCUSD_PERP,bid,62500,617.21
1726797907818,BTCUSD_PERP,bid,62500,623.25
1726797909231,BTCUSD_PERP,bid,62500,569.86
1726797909545,BTCUSD_PERP,bid,62500,631.74
1726797916336,BTCUSD_PERP,bid,62500,561.36
1726797916536,BTCUSD_PERP,bid,62400,615.97
1726797946083,BTCUSD_PERP,bid,62400,554.68
1726797946283,BTCUSD_PERP,bid,62400,616.52
1726797952285,BTCUSD_PERP,bid,62400,555.3
1726797952605,BTCUSD_PERP,bid,62400,493.46
1726797953842,BTCUSD_PERP,bid,62500,493.08
1726797954076,BTCUSD_PERP,bid,62500,554.95
1726797954265,BTCUSD_PERP,bid,62500,616.82
1726798093935,BTCUSD_PERP,bid,62400,554.68
1726798094136,BTCUSD_PERP,bid,62400,616.52
1726798131086,BTCUSD_PERP,bid,62400,554.21
1726798131184,BTCUSD_PERP,bid,62400,492.35
1726798131285,BTCUSD_PERP,bid,62400,492.08
