2024-09-14 14:36:56,SOLUSDT,ask,144,37884.0
2024-09-14 14:37:10,SOLUSDT,bid,135,9776.0
2024-09-14 14:37:12,SOLUSDT,ask,140,33386.0
2024-09-14 14:37:16,SOLUSDT,bid,135,9780.0
2024-09-14 14:39:55,SOLUSDT,ask,141,9387.0
2024-09-14 14:40:08,SOLUSDT,ask,145,24249.0
2024-09-14 14:40:24,SOLUSDT,bid,135,9782.0
2024-09-14 14:40:49,SOLUSDT,bid,128,8662.0
2024-09-14 14:41:14,SOLUSDT,bid,135,9787.0
2024-09-14 14:42:05,SOLUSDT,ask,147,21387.0
2024-09-14 14:42:09,SOLUSDT,ask,145,24247.0
2024-09-14 14:42:16,SOLUSDT,ask,146,15702.0
2024-09-14 14:42:16,SOLUSDT,ask,144,37875.0
2024-09-14 14:42:17,SOLUSDT,ask,144,37914.0
2024-09-14 14:42:17,SOLUSDT,ask,140,33370.0
2024-09-14 14:42:34,SOLUSDT,bid,133,10272.0
2024-09-14 14:42:34,SOLUSDT,bid,110,20481.0
2024-09-14 14:42:34,SOLUSDT,bid,136,8216.0
2024-09-14 14:42:37,SOLUSDT,ask,141,10264.0
2024-09-14 14:42:37,SOLUSDT,ask,138,8213.0
2024-09-14 14:43:32,SOLUSDT,ask,144,37875.0
2024-09-14 14:43:59,SOLUSDT,ask,143,14035.0
2024-09-14 14:44:10,SOLUSDT,bid,135,9781.0
2024-09-14 14:44:51,SOLUSDT,ask,140,33371.0
2024-09-14 14:44:57,SOLUSDT,ask,141,9388.0
2024-09-14 14:45:30,SOLUSDT,ask,146,15698.0
2024-09-14 14:46:15,SOLUSDT,bid,135,9606.0
2024-09-14 14:46:34,SOLUSDT,bid,128,8660.0
2024-09-14 14:46:37,SOLUSDT,bid,110,20472.0
2024-09-14 14:46:53,SOLUSDT,bid,110,20463.0
2024-09-14 14:47:12,SOLUSDT,ask,140,33377.0
2024-09-14 14:47:34,SOLUSDT,bid,135,9616.0
2024-09-14 14:48:24,SOLUSDT,ask,146,15630.0
2024-09-14 14:48:52,SOLUSDT,ask,144,39233.0
2024-09-14 14:48:52,SOLUSDT,bid,135,9538.0
2024-09-14 14:49:07,SOLUSDT,ask,138,8309.0
2024-09-14 14:49:09,SOLUSDT,ask,138,8213.0
2024-09-14 14:49:09,SOLUSDT,ask,138,8309.0
2024-09-14 14:49:09,SOLUSDT,ask,138,8213.0
2024-09-14 14:49:24,SOLUSDT,ask,143,23658.0
2024-09-14 14:49:27,SOLUSDT,bid,110,20464.0
2024-09-14 14:49:27,SOLUSDT,bid,110,20463.0
2024-09-14 14:49:28,SOLUSDT,bid,110,20464.0
2024-09-14 14:49:28,SOLUSDT,bid,110,20463.0
2024-09-14 14:49:28,SOLUSDT,bid,110,20463.0
2024-09-14 14:49:30,SOLUSDT,bid,110,20463.0
2024-09-14 14:49:30,SOLUSDT,bid,110,20463.0
2024-09-14 14:49:30,SOLUSDT,bid,110,20464.0
2024-09-14 14:49:30,SOLUSDT,bid,110,20463.0
2024-09-14 14:49:31,SOLUSDT,bid,110,20463.0
2024-09-14 14:49:31,SOLUSDT,bid,110,20463.0
2024-09-14 14:49:32,SOLUSDT,bid,110,20463.0
2024-09-14 14:49:32,SOLUSDT,bid,110,20463.0
2024-09-14 14:49:32,SOLUSDT,bid,110,20463.0
2024-09-14 14:49:32,SOLUSDT,bid,110,20464.0
2024-09-14 14:49:32,SOLUSDT,bid,110,20463.0
2024-09-14 14:49:36,SOLUSDT,bid,110,20463.0
2024-09-14 14:49:36,SOLUSDT,bid,110,20463.0
2024-09-14 14:49:37,SOLUSDT,bid,110,20463.0
2024-09-14 14:49:37,SOLUSDT,bid,110,20464.0
2024-09-14 14:49:37,SOLUSDT,bid,110,20463.0
2024-09-14 14:49:37,SOLUSDT,bid,110,20464.0
2024-09-14 14:49:37,SOLUSDT,bid,110,20463.0
2024-09-14 14:49:37,SOLUSDT,bid,110,20464.0
2024-09-14 14:49:37,SOLUSDT,bid,110,20463.0
2024-09-14 14:49:38,SOLUSDT,bid,110,20464.0
2024-09-14 14:49:38,SOLUSDT,bid,110,20463.0
2024-09-14 14:49:38,SOLUSDT,bid,110,20463.0
2024-09-14 14:49:38,SOLUSDT,bid,110,20463.0
2024-09-14 14:49:38,SOLUSDT,bid,110,20463.0
2024-09-14 14:49:38,SOLUSDT,bid,110,20463.0
2024-09-14 14:49:38,SOLUSDT,bid,110,20463.0
2024-09-14 14:49:40,SOLUSDT,bid,110,20463.0
2024-09-14 14:49:40,SOLUSDT,bid,110,20463.0
2024-09-14 14:49:40,SOLUSDT,bid,110,20464.0
2024-09-14 14:49:40,SOLUSDT,bid,110,20463.0
2024-09-14 14:49:40,SOLUSDT,bid,110,20464.0
2024-09-14 14:49:40,SOLUSDT,bid,110,20463.0
2024-09-14 14:49:41,SOLUSDT,bid,110,20464.0
2024-09-14 14:49:41,SOLUSDT,bid,110,20463.0
2024-09-14 14:49:43,SOLUSDT,bid,110,20464.0
2024-09-14 14:49:43,SOLUSDT,bid,110,20463.0
2024-09-14 14:49:43,SOLUSDT,bid,110,20463.0
2024-09-14 14:49:43,SOLUSDT,bid,110,20463.0
2024-09-14 14:49:43,SOLUSDT,bid,110,20463.0
2024-09-14 14:49:44,SOLUSDT,bid,110,20463.0
2024-09-14 14:49:46,SOLUSDT,bid,110,20463.0
2024-09-14 14:49:46,SOLUSDT,bid,110,20463.0
2024-09-14 14:49:46,SOLUSDT,bid,110,20464.0
2024-09-14 14:49:46,SOLUSDT,bid,110,20463.0
2024-09-14 14:49:46,SOLUSDT,bid,120,15367.0
2024-09-14 14:49:46,SOLUSDT,bid,125,12284.0
2024-09-14 14:49:46,SOLUSDT,bid,110,20464.0
2024-09-14 14:49:47,SOLUSDT,bid,110,20463.0
2024-09-14 14:49:47,SOLUSDT,bid,110,20464.0
2024-09-14 14:49:47,SOLUSDT,bid,110,20463.0
2024-09-14 14:49:47,SOLUSDT,bid,110,20464.0
2024-09-14 14:49:47,SOLUSDT,bid,110,20463.0
2024-09-14 14:49:50,SOLUSDT,bid,110,20463.0
2024-09-14 14:49:50,SOLUSDT,bid,110,20463.0
2024-09-14 14:49:50,SOLUSDT,bid,110,20463.0
2024-09-14 14:49:50,SOLUSDT,bid,110,20463.0
2024-09-14 14:49:50,SOLUSDT,bid,110,20463.0
2024-09-14 14:49:50,SOLUSDT,bid,110,20464.0
2024-09-14 14:49:50,SOLUSDT,bid,110,20463.0
2024-09-14 14:49:53,SOLUSDT,bid,110,20464.0
2024-09-14 14:49:53,SOLUSDT,bid,110,20463.0
2024-09-14 14:49:54,SOLUSDT,bid,110,20464.0
2024-09-14 14:49:54,SOLUSDT,bid,110,20463.0
2024-09-14 14:49:54,SOLUSDT,bid,110,20463.0
2024-09-14 14:49:54,SOLUSDT,bid,110,20464.0
2024-09-14 14:49:54,SOLUSDT,bid,110,20463.0
2024-09-14 14:49:54,SOLUSDT,bid,110,20464.0
2024-09-14 14:49:54,SOLUSDT,bid,110,20463.0
2024-09-14 14:49:54,SOLUSDT,bid,110,20464.0
2024-09-14 14:49:54,SOLUSDT,bid,110,20463.0
2024-09-14 14:49:58,SOLUSDT,bid,110,20463.0
2024-09-14 14:49:58,SOLUSDT,bid,110,20463.0
2024-09-14 14:49:58,SOLUSDT,ask,138,8224.0
2024-09-14 14:49:58,SOLUSDT,bid,110,20463.0
2024-09-14 14:49:58,SOLUSDT,bid,110,20463.0
2024-09-14 14:49:58,SOLUSDT,bid,110,20464.0
2024-09-14 14:49:58,SOLUSDT,bid,110,20463.0
2024-09-14 14:49:58,SOLUSDT,bid,110,20464.0
2024-09-14 14:49:58,SOLUSDT,bid,110,20463.0
2024-09-14 14:50:00,SOLUSDT,bid,110,20464.0
2024-09-14 14:50:00,SOLUSDT,bid,110,20463.0
2024-09-14 14:50:00,SOLUSDT,bid,110,20464.0
2024-09-14 14:50:00,SOLUSDT,bid,110,20463.0
2024-09-14 14:50:00,SOLUSDT,bid,110,20464.0
2024-09-14 14:50:00,SOLUSDT,bid,110,20463.0
2024-09-14 14:50:00,SOLUSDT,bid,110,20464.0
2024-09-14 14:50:00,SOLUSDT,bid,110,20463.0
2024-09-14 14:50:01,SOLUSDT,bid,125,12283.0
2024-09-14 14:50:01,SOLUSDT,bid,128,8659.0
2024-09-14 14:50:01,SOLUSDT,bid,110,20463.0
2024-09-14 14:50:01,SOLUSDT,bid,110,20463.0
2024-09-14 14:50:02,SOLUSDT,bid,110,20463.0
2024-09-14 14:50:02,SOLUSDT,bid,110,20463.0
2024-09-14 14:50:03,SOLUSDT,bid,136,8214.0
2024-09-14 14:50:12,SOLUSDT,bid,135,9558.0
2024-09-14 14:51:37,SOLUSDT,bid,133,10265.0
2024-09-14 14:51:37,SOLUSDT,bid,136,8227.0
2024-09-14 14:51:37,SOLUSDT,ask,141,10264.0
2024-09-14 14:51:37,SOLUSDT,ask,138,8214.0
2024-09-14 14:51:38,SOLUSDT,bid,110,20464.0
2024-09-14 14:51:38,SOLUSDT,bid,110,20463.0
2024-09-14 14:51:40,SOLUSDT,bid,110,20464.0
2024-09-14 14:51:40,SOLUSDT,bid,110,20463.0
2024-09-14 14:51:40,SOLUSDT,bid,110,20464.0
2024-09-14 14:51:40,SOLUSDT,bid,110,20463.0
2024-09-14 14:51:40,SOLUSDT,bid,110,20464.0
2024-09-14 14:51:40,SOLUSDT,bid,110,20463.0
2024-09-14 14:51:43,SOLUSDT,bid,110,20464.0
2024-09-14 14:51:43,SOLUSDT,bid,110,20463.0
2024-09-14 14:51:43,SOLUSDT,bid,110,20464.0
2024-09-14 14:51:43,SOLUSDT,bid,110,20463.0
2024-09-14 14:51:43,SOLUSDT,bid,110,20464.0
2024-09-14 14:51:43,SOLUSDT,bid,110,20463.0
2024-09-14 14:51:43,SOLUSDT,bid,110,20464.0
2024-09-14 14:51:43,SOLUSDT,bid,110,20463.0
2024-09-14 14:51:44,SOLUSDT,bid,110,20464.0
2024-09-14 14:51:44,SOLUSDT,bid,110,20463.0
2024-09-14 14:51:44,SOLUSDT,bid,110,20464.0
2024-09-14 14:51:44,SOLUSDT,bid,110,20463.0
2024-09-14 14:51:44,SOLUSDT,bid,110,20464.0
2024-09-14 14:51:44,SOLUSDT,bid,110,20463.0
2024-09-14 14:51:47,SOLUSDT,bid,110,20464.0
2024-09-14 14:51:47,SOLUSDT,bid,110,20463.0
2024-09-14 14:51:47,SOLUSDT,bid,110,20464.0
2024-09-14 14:51:47,SOLUSDT,bid,110,20463.0
2024-09-14 14:51:47,SOLUSDT,bid,110,20464.0
2024-09-14 14:51:47,SOLUSDT,bid,110,20463.0
2024-09-14 14:51:47,SOLUSDT,bid,110,20463.0
2024-09-14 14:51:48,SOLUSDT,bid,110,20463.0
2024-09-14 14:51:48,SOLUSDT,bid,110,20463.0
2024-09-14 14:51:48,SOLUSDT,bid,110,20463.0
2024-09-14 14:51:50,SOLUSDT,bid,110,20464.0
2024-09-14 14:51:50,SOLUSDT,bid,110,20463.0
2024-09-14 14:51:50,SOLUSDT,bid,110,20464.0
2024-09-14 14:51:50,SOLUSDT,bid,110,20463.0
2024-09-14 14:51:50,SOLUSDT,bid,110,20463.0
2024-09-14 14:51:50,SOLUSDT,bid,110,20463.0
2024-09-14 14:51:53,SOLUSDT,bid,110,20463.0
2024-09-14 14:51:53,SOLUSDT,bid,110,20463.0
2024-09-14 14:51:53,SOLUSDT,bid,110,20463.0
2024-09-14 14:51:53,SOLUSDT,bid,110,20463.0
2024-09-14 14:51:53,SOLUSDT,bid,110,20463.0
2024-09-14 14:51:54,SOLUSDT,bid,110,20463.0
2024-09-14 14:51:55,SOLUSDT,bid,110,20464.0
2024-09-14 14:51:55,SOLUSDT,bid,110,20463.0
2024-09-14 14:51:55,SOLUSDT,bid,110,20463.0
2024-09-14 14:51:55,SOLUSDT,bid,110,20464.0
2024-09-14 14:51:55,SOLUSDT,bid,110,20463.0
2024-09-14 14:51:55,SOLUSDT,bid,110,20463.0
2024-09-14 14:51:58,SOLUSDT,bid,110,20463.0
2024-09-14 14:51:58,SOLUSDT,bid,110,20463.0
2024-09-14 14:51:58,SOLUSDT,bid,110,20464.0
2024-09-14 14:51:58,SOLUSDT,bid,110,20463.0
2024-09-14 14:52:00,SOLUSDT,bid,110,20463.0
2024-09-14 14:52:29,SOLUSDT,ask,140,33372.0
2024-09-14 14:52:46,SOLUSDT,ask,145,24248.0
2024-09-14 14:53:04,SOLUSDT,ask,171,8078.0
2024-09-14 14:53:34,SOLUSDT,bid,115,11302.0
2024-09-14 14:53:39,SOLUSDT,bid,135,9543.0
2024-09-14 14:54:04,SOLUSDT,ask,141,9369.0
2024-09-14 14:54:09,SOLUSDT,bid,128,8665.0
2024-09-14 14:54:17,SOLUSDT,bid,82,24247.0
2024-09-14 14:54:25,SOLUSDT,ask,143,23656.0
2024-09-14 14:54:42,SOLUSDT,ask,141,9366.0
2024-09-14 14:54:46,SOLUSDT,bid,135,9643.0
2024-09-14 14:55:09,SOLUSDT,ask,145,24243.0
2024-09-14 14:55:11,SOLUSDT,bid,135,9638.0
2024-09-14 14:55:14,SOLUSDT,bid,135,9643.0
2024-09-14 14:55:24,SOLUSDT,bid,135,9635.0
2024-09-14 14:56:24,SOLUSDT,ask,138,8216.0
2024-09-14 14:56:25,SOLUSDT,ask,138,8214.0
2024-09-14 14:56:30,SOLUSDT,bid,112,15291.0
2024-09-14 14:57:09,SOLUSDT,ask,141,14318.0
2024-09-14 14:57:38,SOLUSDT,ask,140,33362.0
2024-09-14 14:58:05,SOLUSDT,bid,82,24247.0
2024-09-14 14:58:36,SOLUSDT,ask,145,24242.0
2024-09-14 14:58:38,SOLUSDT,bid,135,9633.0
2024-09-14 14:58:52,SOLUSDT,ask,140,33363.0
2024-09-14 14:59:44,SOLUSDT,ask,144,37874.0
2024-09-14 15:00:03,SOLUSDT,bid,136,8235.0
2024-09-14 15:00:05,SOLUSDT,bid,136,8257.0
2024-09-14 15:00:06,SOLUSDT,bid,125,12294.0
2024-09-14 15:00:46,SOLUSDT,ask,140,33349.0
2024-09-14 15:00:47,SOLUSDT,ask,140,33342.0
2024-09-14 15:01:00,SOLUSDT,bid,136,8235.0
2024-09-14 15:01:01,SOLUSDT,bid,136,8227.0
2024-09-14 15:01:14,SOLUSDT,bid,135,9630.0
2024-09-14 15:01:58,SOLUSDT,ask,140,33285.0
2024-09-14 15:01:59,SOLUSDT,bid,135,9607.0
2024-09-14 15:02:10,SOLUSDT,ask,141,14212.0
2024-09-14 15:02:14,SOLUSDT,ask,140,14963.0
2024-09-14 15:02:20,SOLUSDT,bid,135,9624.0
2024-09-14 15:02:25,SOLUSDT,bid,133,10264.0
2024-09-14 15:02:25,SOLUSDT,bid,136,8252.0
2024-09-14 15:02:25,SOLUSDT,ask,141,10265.0
2024-09-14 15:02:25,SOLUSDT,ask,138,8211.0
2024-09-14 15:03:05,SOLUSDT,bid,135,9625.0
2024-09-14 15:03:22,SOLUSDT,bid,135,9624.0
2024-09-14 15:03:24,SOLUSDT,bid,135,9620.0
2024-09-14 15:03:55,SOLUSDT,bid,135,9621.0
2024-09-14 15:04:46,SOLUSDT,bid,135,9619.0
2024-09-14 15:04:54,SOLUSDT,ask,145,24236.0
2024-09-14 15:05:03,SOLUSDT,bid,135,9733.0
2024-09-14 15:05:03,SOLUSDT,bid,125,12283.0
2024-09-14 15:05:54,SOLUSDT,bid,135,9734.0
2024-09-14 15:06:03,SOLUSDT,ask,140,33286.0
2024-09-14 15:06:07,SOLUSDT,ask,141,9367.0
2024-09-14 15:07:04,SOLUSDT,bid,135,9741.0
2024-09-14 15:07:08,SOLUSDT,ask,140,33291.0
2024-09-14 15:07:09,SOLUSDT,bid,135,9734.0
2024-09-14 15:07:14,SOLUSDT,ask,140,14468.0
2024-09-14 15:08:02,SOLUSDT,bid,136,8274.0
2024-09-14 15:08:03,SOLUSDT,bid,135,9740.0
2024-09-14 15:08:04,SOLUSDT,bid,135,9746.0
2024-09-14 15:08:04,SOLUSDT,bid,136,8282.0
2024-09-14 15:08:15,SOLUSDT,bid,128,8666.0
2024-09-14 15:08:15,SOLUSDT,bid,128,8654.0
2024-09-14 15:08:25,SOLUSDT,bid,128,8653.0
2024-09-14 15:08:32,SOLUSDT,ask,140,33290.0
2024-09-14 15:09:00,SOLUSDT,bid,135,9740.0
2024-09-14 15:09:00,SOLUSDT,bid,135,9734.0
2024-09-14 15:10:01,SOLUSDT,bid,136,8274.0
2024-09-14 15:10:03,SOLUSDT,ask,144,37875.0
2024-09-14 15:10:05,SOLUSDT,bid,136,8252.0
2024-09-14 15:10:20,SOLUSDT,bid,135,9735.0
2024-09-14 15:10:29,SOLUSDT,ask,145,24764.0
2024-09-14 15:10:36,SOLUSDT,bid,135,9736.0
2024-09-14 15:11:18,SOLUSDT,bid,135,9747.0
2024-09-14 15:11:35,SOLUSDT,bid,135,9746.0
2024-09-14 15:12:26,SOLUSDT,bid,135,9775.0
2024-09-14 15:12:27,SOLUSDT,bid,133,10264.0
2024-09-14 15:12:28,SOLUSDT,bid,136,8241.0
2024-09-14 15:12:29,SOLUSDT,ask,141,10264.0
2024-09-14 15:12:29,SOLUSDT,ask,138,8211.0
2024-09-14 15:13:07,SOLUSDT,bid,136,8214.0
2024-09-14 15:13:19,SOLUSDT,bid,135,9762.0
2024-09-14 15:13:21,SOLUSDT,bid,135,9705.0
2024-09-14 15:13:52,SOLUSDT,ask,140,33304.0
2024-09-14 15:14:11,SOLUSDT,bid,128,8647.0
2024-09-14 15:14:34,SOLUSDT,bid,135,9676.0
2024-09-14 15:14:38,SOLUSDT,ask,140,33276.0
2024-09-14 15:14:38,SOLUSDT,ask,145,14668.0
2024-09-14 15:14:47,SOLUSDT,bid,135,9716.0
2024-09-14 15:15:09,SOLUSDT,ask,140,33273.0
2024-09-14 15:15:18,SOLUSDT,ask,145,24770.0
2024-09-14 15:15:23,SOLUSDT,bid,135,9750.0
2024-09-14 15:15:42,SOLUSDT,bid,135,9747.0
2024-09-14 15:16:15,SOLUSDT,bid,128,8649.0
2024-09-14 15:16:53,SOLUSDT,bid,135,9748.0
2024-09-14 15:17:04,SOLUSDT,bid,135,9750.0
2024-09-14 15:17:28,SOLUSDT,bid,128,8651.0
2024-09-14 15:17:34,SOLUSDT,ask,140,33275.0
2024-09-14 15:17:39,SOLUSDT,ask,145,24768.0
2024-09-14 15:17:43,SOLUSDT,bid,120,15284.0
2024-09-14 15:17:43,SOLUSDT,bid,125,12086.0
2024-09-14 15:17:43,SOLUSDT,bid,128,8559.0
2024-09-14 15:17:59,SOLUSDT,bid,136,8227.0
2024-09-14 15:17:59,SOLUSDT,bid,136,8214.0
2024-09-14 15:19:23,SOLUSDT,bid,135,9751.0
2024-09-14 15:19:23,SOLUSDT,ask,140,34582.0
2024-09-14 15:19:23,SOLUSDT,bid,135,11022.0
2024-09-14 15:19:29,SOLUSDT,ask,140,34579.0
2024-09-14 15:19:34,SOLUSDT,bid,135,10983.0
2024-09-14 15:19:53,SOLUSDT,ask,140,34578.0
2024-09-14 15:20:04,SOLUSDT,ask,140,33271.0
2024-09-14 15:20:04,SOLUSDT,bid,135,9712.0
2024-09-14 15:20:15,SOLUSDT,bid,120,15288.0
2024-09-14 15:20:43,SOLUSDT,ask,140,33270.0
2024-09-14 15:21:11,SOLUSDT,ask,146,15623.0
2024-09-14 15:21:37,SOLUSDT,bid,133,11003.0
2024-09-14 15:21:37,SOLUSDT,bid,133,11009.0
2024-09-14 15:21:37,SOLUSDT,bid,136,8211.0
2024-09-14 15:21:37,SOLUSDT,ask,141,10264.0
2024-09-14 15:21:38,SOLUSDT,ask,138,8213.0
2024-09-14 15:21:42,SOLUSDT,ask,138,8309.0
2024-09-14 15:21:42,SOLUSDT,ask,138,8213.0
2024-09-14 15:21:46,SOLUSDT,ask,138,8309.0
2024-09-14 15:21:47,SOLUSDT,ask,138,8213.0
2024-09-14 15:22:18,SOLUSDT,bid,135,9714.0
2024-09-14 15:22:36,SOLUSDT,bid,135,9680.0
2024-09-14 15:23:03,SOLUSDT,ask,143,14034.0
2024-09-14 15:23:03,SOLUSDT,ask,143,14033.0
2024-09-14 15:23:08,SOLUSDT,bid,128,8558.0
2024-09-14 15:23:12,SOLUSDT,bid,135,9681.0
2024-09-14 15:23:39,SOLUSDT,ask,151,14762.0
2024-09-14 15:23:48,SOLUSDT,ask,151,14761.0
2024-09-14 15:24:00,SOLUSDT,bid,135,9679.0
2024-09-14 15:24:03,SOLUSDT,ask,140,33269.0
2024-09-14 15:24:13,SOLUSDT,ask,140,33268.0
2024-09-14 15:24:20,SOLUSDT,bid,135,9662.0
2024-09-14 15:24:25,SOLUSDT,bid,112,15308.0
2024-09-14 15:24:34,SOLUSDT,bid,135,9691.0
2024-09-14 15:24:48,SOLUSDT,ask,140,33129.0
2024-09-14 15:25:22,SOLUSDT,bid,115,10713.0
2024-09-14 15:26:06,SOLUSDT,ask,145,20667.0
2024-09-14 15:26:13,SOLUSDT,ask,145,24763.0
2024-09-14 15:26:23,SOLUSDT,bid,120,15262.0
2024-09-14 15:26:31,SOLUSDT,bid,135,9696.0
2024-09-14 15:26:32,SOLUSDT,ask,147,21392.0
2024-09-14 15:26:36,SOLUSDT,ask,147,21437.0
2024-09-14 15:27:38,SOLUSDT,ask,146,15627.0
2024-09-14 15:27:57,SOLUSDT,bid,135,9691.0
2024-09-14 15:27:57,SOLUSDT,ask,147,21392.0
2024-09-14 15:27:57,SOLUSDT,bid,135,9681.0
2024-09-14 15:28:15,SOLUSDT,bid,120,15261.0
2024-09-14 15:28:15,SOLUSDT,ask,141,9463.0
2024-09-14 15:28:25,SOLUSDT,bid,135,9713.0
2024-09-14 15:28:31,SOLUSDT,bid,135,9714.0
2024-09-14 15:28:31,SOLUSDT,bid,133,11010.0
2024-09-14 15:28:37,SOLUSDT,bid,135,9814.0
2024-09-14 15:28:50,SOLUSDT,bid,135,9830.0
2024-09-14 15:29:00,SOLUSDT,bid,120,15262.0
2024-09-14 15:29:08,SOLUSDT,bid,135,9838.0
2024-09-14 15:29:09,SOLUSDT,bid,112,15291.0
2024-09-14 15:29:24,SOLUSDT,ask,140,33126.0
2024-09-14 15:29:25,SOLUSDT,bid,120,15261.0
2024-09-14 15:29:29,SOLUSDT,ask,140,33125.0
2024-09-14 15:29:33,SOLUSDT,ask,140,33095.0
2024-09-14 15:30:18,SOLUSDT,ask,140,33096.0
2024-09-14 15:31:01,SOLUSDT,ask,141,9437.0
2024-09-14 15:31:06,SOLUSDT,bid,136,9681.0
2024-09-14 15:31:13,SOLUSDT,bid,135,9837.0
2024-09-14 15:31:37,SOLUSDT,bid,125,12121.0
2024-09-14 15:31:40,SOLUSDT,bid,135,9844.0
2024-09-14 15:31:47,SOLUSDT,ask,141,9436.0
2024-09-14 15:32:08,SOLUSDT,bid,136,8211.0
2024-09-14 15:32:12,SOLUSDT,bid,135,9842.0
2024-09-14 15:32:41,SOLUSDT,bid,115,10714.0
2024-09-14 15:32:45,SOLUSDT,bid,133,10266.0
2024-09-14 15:32:47,SOLUSDT,bid,135,8213.0
2024-09-14 15:32:47,SOLUSDT,ask,141,10268.0
2024-09-14 15:32:47,SOLUSDT,ask,138,8212.0
2024-09-14 15:33:05,SOLUSDT,bid,135,8211.0
2024-09-14 15:33:30,SOLUSDT,bid,135,9834.0
2024-09-14 15:34:33,SOLUSDT,bid,135,9844.0
2024-09-14 15:35:39,SOLUSDT,bid,135,9845.0
2024-09-14 15:35:44,SOLUSDT,ask,138,8216.0
2024-09-14 15:36:17,SOLUSDT,bid,133,10274.0
2024-09-14 15:36:51,SOLUSDT,bid,135,9861.0
2024-09-14 15:37:19,SOLUSDT,bid,133,10266.0
2024-09-14 15:37:20,SOLUSDT,ask,141,9431.0
2024-09-14 15:37:35,SOLUSDT,bid,135,9862.0
2024-09-14 15:38:25,SOLUSDT,ask,140,33095.0
2024-09-14 15:38:44,SOLUSDT,ask,138,8212.0
2024-09-14 15:38:51,SOLUSDT,bid,128,8562.0
2024-09-14 15:39:01,SOLUSDT,bid,135,9861.0
2024-09-14 15:39:05,SOLUSDT,bid,135,9910.0
2024-09-14 15:39:06,SOLUSDT,bid,135,9922.0
2024-09-14 15:39:15,SOLUSDT,bid,135,9940.0
2024-09-14 15:39:30,SOLUSDT,ask,145,24235.0
2024-09-14 15:39:31,SOLUSDT,bid,135,8212.0
2024-09-14 15:39:32,SOLUSDT,bid,135,8211.0
2024-09-14 15:39:38,SOLUSDT,bid,120,15230.0
2024-09-14 15:39:46,SOLUSDT,bid,135,9946.0
2024-09-14 15:39:47,SOLUSDT,bid,120,15303.0
2024-09-14 15:39:52,SOLUSDT,ask,140,33052.0
2024-09-14 15:40:03,SOLUSDT,bid,120,15323.0
2024-09-14 15:40:05,SOLUSDT,bid,125,12094.0
2024-09-14 15:40:14,SOLUSDT,bid,120,15303.0
2024-09-14 15:40:18,SOLUSDT,bid,125,12059.0
2024-09-14 15:40:19,SOLUSDT,ask,145,24236.0
2024-09-14 15:40:23,SOLUSDT,bid,120,15230.0
2024-09-14 15:40:23,SOLUSDT,bid,128,8605.0
2024-09-14 15:40:24,SOLUSDT,bid,120,15263.0
2024-09-14 15:40:40,SOLUSDT,bid,135,9948.0
2024-09-14 15:40:40,SOLUSDT,bid,135,9928.0
2024-09-14 15:41:15,SOLUSDT,ask,144,37886.0
2024-09-14 15:41:35,SOLUSDT,bid,128,8601.0
2024-09-14 15:42:04,SOLUSDT,bid,120,15262.0
2024-09-14 15:42:17,SOLUSDT,bid,133,10301.0
2024-09-14 15:42:18,SOLUSDT,bid,135,8211.0
2024-09-14 15:42:18,SOLUSDT,ask,140,10272.0
2024-09-14 15:42:18,SOLUSDT,ask,138,8233.0
2024-09-14 15:42:24,SOLUSDT,bid,125,12058.0
2024-09-14 15:42:27,SOLUSDT,bid,135,9927.0
2024-09-14 15:42:29,SOLUSDT,ask,144,37892.0
2024-09-14 15:42:34,SOLUSDT,bid,120,15260.0
2024-09-14 15:43:05,SOLUSDT,ask,140,33091.0
2024-09-14 15:43:06,SOLUSDT,bid,135,9936.0
2024-09-14 15:43:17,SOLUSDT,bid,135,9886.0
2024-09-14 15:43:36,SOLUSDT,bid,125,12098.0
2024-09-14 15:43:47,SOLUSDT,ask,140,10271.0
2024-09-14 15:44:21,SOLUSDT,bid,135,9880.0
2024-09-14 15:44:32,SOLUSDT,bid,135,9887.0
2024-09-14 15:44:52,SOLUSDT,ask,140,14531.0
2024-09-14 15:44:53,SOLUSDT,bid,133,10264.0
2024-09-14 15:45:41,SOLUSDT,bid,133,10272.0
2024-09-14 15:45:42,SOLUSDT,bid,128,8636.0
2024-09-14 15:46:08,SOLUSDT,ask,140,33090.0
2024-09-14 15:46:34,SOLUSDT,bid,132,10267.0
2024-09-14 15:46:35,SOLUSDT,bid,135,8216.0
2024-09-14 15:46:35,SOLUSDT,ask,140,10264.0
2024-09-14 15:46:36,SOLUSDT,ask,138,8211.0
2024-09-14 15:46:55,SOLUSDT,ask,141,14297.0
2024-09-14 15:46:57,SOLUSDT,ask,146,15622.0
2024-09-14 15:47:00,SOLUSDT,bid,135,9884.0
2024-09-14 15:47:09,SOLUSDT,bid,110,20459.0
2024-09-14 15:47:40,SOLUSDT,ask,140,33031.0
2024-09-14 15:48:02,SOLUSDT,bid,120,15261.0
2024-09-14 15:48:12,SOLUSDT,bid,135,9893.0
2024-09-14 15:48:16,SOLUSDT,ask,147,21370.0
2024-09-14 15:48:16,SOLUSDT,ask,144,37886.0
2024-09-14 15:48:21,SOLUSDT,bid,135,9929.0
2024-09-14 15:48:29,SOLUSDT,bid,135,9930.0
2024-09-14 15:48:30,SOLUSDT,bid,135,9932.0
2024-09-14 15:48:35,SOLUSDT,ask,141,14212.0
2024-09-14 15:49:17,SOLUSDT,bid,135,10262.0
2024-09-14 15:49:19,SOLUSDT,bid,128,8716.0
2024-09-14 15:49:32,SOLUSDT,bid,135,10269.0
2024-09-14 15:49:34,SOLUSDT,bid,128,8713.0
2024-09-14 15:49:39,SOLUSDT,ask,140,14533.0
2024-09-14 15:49:46,SOLUSDT,bid,120,15260.0
2024-09-14 15:49:46,SOLUSDT,ask,144,37885.0
2024-09-14 15:49:47,SOLUSDT,bid,135,10268.0
2024-09-14 15:49:53,SOLUSDT,ask,140,14531.0
2024-09-14 15:50:05,SOLUSDT,bid,96,53057.0
2024-09-14 15:50:15,SOLUSDT,ask,145,24227.0
2024-09-14 15:50:33,SOLUSDT,bid,135,10261.0
2024-09-14 15:50:42,SOLUSDT,bid,120,15237.0
2024-09-14 15:50:53,SOLUSDT,ask,145,24217.0
2024-09-14 15:50:57,SOLUSDT,bid,128,8704.0
2024-09-14 15:51:00,SOLUSDT,ask,144,37878.0
2024-09-14 15:51:15,SOLUSDT,bid,135,10251.0
2024-09-14 15:51:16,SOLUSDT,ask,140,14533.0
2024-09-14 15:51:28,SOLUSDT,ask,140,14531.0
2024-09-14 15:51:36,SOLUSDT,ask,140,33029.0
2024-09-14 15:51:51,SOLUSDT,ask,140,33097.0
2024-09-14 15:52:07,SOLUSDT,bid,135,10249.0
2024-09-14 15:52:07,SOLUSDT,ask,141,9426.0
2024-09-14 15:52:15,SOLUSDT,bid,135,10549.0
2024-09-14 15:52:16,SOLUSDT,bid,128,8703.0
2024-09-14 15:52:19,SOLUSDT,ask,136,7451.0
2024-09-14 15:52:20,SOLUSDT,ask,136,7453.0
2024-09-14 15:52:21,SOLUSDT,ask,136,7451.0
2024-09-14 15:52:23,SOLUSDT,ask,136,7480.0
2024-09-14 15:52:23,SOLUSDT,ask,136,7451.0
2024-09-14 15:52:23,SOLUSDT,ask,136,7527.0
2024-09-14 15:52:23,SOLUSDT,ask,136,7727.0
2024-09-14 15:52:23,SOLUSDT,ask,136,7827.0
2024-09-14 15:52:23,SOLUSDT,ask,136,7727.0
2024-09-14 15:52:24,SOLUSDT,ask,136,7727.0
2024-09-14 15:52:24,SOLUSDT,ask,136,7827.0
2024-09-14 15:52:24,SOLUSDT,ask,136,7727.0
2024-09-14 15:52:24,SOLUSDT,ask,136,7756.0
2024-09-14 15:52:25,SOLUSDT,ask,136,7456.0
2024-09-14 15:52:25,SOLUSDT,ask,136,7454.0
2024-09-14 15:52:26,SOLUSDT,bid,132,10264.0
2024-09-14 15:52:27,SOLUSDT,bid,135,8216.0
2024-09-14 15:52:27,SOLUSDT,ask,140,10264.0
2024-09-14 15:52:27,SOLUSDT,ask,136,7451.0
2024-09-14 15:52:27,SOLUSDT,ask,138,8211.0
2024-09-14 15:52:28,SOLUSDT,ask,136,7464.0
2024-09-14 15:52:31,SOLUSDT,ask,136,7478.0
2024-09-14 15:52:31,SOLUSDT,ask,136,7480.0
2024-09-14 15:52:31,SOLUSDT,ask,136,7473.0
2024-09-14 15:52:33,SOLUSDT,ask,136,7479.0
2024-09-14 15:52:35,SOLUSDT,ask,136,7483.0
2024-09-14 15:52:35,SOLUSDT,ask,136,7477.0
2024-09-14 15:52:35,SOLUSDT,ask,136,7464.0
2024-09-14 15:52:35,SOLUSDT,ask,136,7467.0
2024-09-14 15:52:38,SOLUSDT,bid,120,15233.0
2024-09-14 15:52:40,SOLUSDT,ask,136,7453.0
2024-09-14 15:52:40,SOLUSDT,ask,136,7460.0
2024-09-14 15:52:40,SOLUSDT,ask,136,7473.0
2024-09-14 15:52:40,SOLUSDT,ask,136,7466.0
2024-09-14 15:52:43,SOLUSDT,ask,136,7451.0
2024-09-14 15:52:43,SOLUSDT,ask,136,7465.0
2024-09-14 15:52:43,SOLUSDT,ask,136,7472.0
2024-09-14 15:52:44,SOLUSDT,ask,136,7479.0
2024-09-14 15:52:44,SOLUSDT,ask,136,7487.0
2024-09-14 15:52:44,SOLUSDT,ask,136,7487.0
2024-09-14 15:52:45,SOLUSDT,ask,136,7523.0
2024-09-14 15:52:46,SOLUSDT,ask,136,7640.0
2024-09-14 15:52:47,SOLUSDT,ask,136,7494.0
2024-09-14 15:52:47,SOLUSDT,ask,136,7458.0
2024-09-14 15:52:47,SOLUSDT,ask,136,7312.0
2024-09-14 15:52:56,SOLUSDT,ask,136,7314.0
2024-09-14 15:53:24,SOLUSDT,ask,140,33116.0
2024-09-14 15:53:41,SOLUSDT,ask,141,9330.0
2024-09-14 15:54:23,SOLUSDT,bid,135,10552.0
2024-09-14 15:54:30,SOLUSDT,bid,135,10557.0
2024-09-14 15:54:39,SOLUSDT,bid,135,10559.0
2024-09-14 15:54:57,SOLUSDT,bid,128,8697.0
2024-09-14 15:55:02,SOLUSDT,bid,135,8312.0
2024-09-14 15:55:02,SOLUSDT,bid,135,8366.0
2024-09-14 15:55:02,SOLUSDT,bid,135,8216.0
2024-09-14 15:55:36,SOLUSDT,bid,135,10414.0
2024-09-14 15:55:49,SOLUSDT,bid,135,10415.0
2024-09-14 15:56:02,SOLUSDT,bid,135,10450.0
2024-09-14 15:56:36,SOLUSDT,bid,135,10470.0
2024-09-14 15:56:39,SOLUSDT,bid,135,10438.0
2024-09-14 15:56:40,SOLUSDT,bid,125,12111.0
2024-09-14 15:56:50,SOLUSDT,ask,136,10000.0
2024-09-14 15:56:50,SOLUSDT,ask,136,10005.0
2024-09-14 15:56:50,SOLUSDT,ask,136,10000.0
2024-09-14 15:56:50,SOLUSDT,ask,136,10047.0
2024-09-14 15:56:51,SOLUSDT,ask,136,10050.0
2024-09-14 15:56:51,SOLUSDT,ask,136,10047.0
2024-09-14 15:56:52,SOLUSDT,ask,140,33048.0
2024-09-14 15:56:53,SOLUSDT,ask,136,10044.0
2024-09-14 15:56:53,SOLUSDT,ask,136,10047.0
2024-09-14 15:57:00,SOLUSDT,ask,136,10004.0
2024-09-14 15:57:00,SOLUSDT,ask,136,10004.0
2024-09-14 15:57:01,SOLUSDT,ask,136,10110.0
2024-09-14 15:57:01,SOLUSDT,ask,136,10008.0
2024-09-14 15:57:01,SOLUSDT,ask,136,10147.0
2024-09-14 15:57:01,SOLUSDT,ask,136,10001.0
2024-09-14 15:57:03,SOLUSDT,ask,136,10147.0
2024-09-14 15:57:03,SOLUSDT,ask,136,10148.0
2024-09-14 15:57:04,SOLUSDT,ask,136,10002.0
2024-09-14 15:57:08,SOLUSDT,ask,136,10002.0
2024-09-14 15:57:08,SOLUSDT,ask,136,10003.0
2024-09-14 15:57:08,SOLUSDT,ask,136,10006.0
2024-09-14 15:57:08,SOLUSDT,ask,136,10005.0
2024-09-14 15:57:21,SOLUSDT,ask,136,10023.0
2024-09-14 15:57:21,SOLUSDT,ask,136,10006.0
2024-09-14 15:57:22,SOLUSDT,ask,140,14529.0
2024-09-14 15:57:27,SOLUSDT,ask,136,10023.0
2024-09-14 15:57:29,SOLUSDT,bid,135,10457.0
2024-09-14 15:57:29,SOLUSDT,ask,136,10037.0
2024-09-14 15:57:33,SOLUSDT,ask,136,10037.0
2024-09-14 15:57:37,SOLUSDT,bid,128,8714.0
2024-09-14 15:57:38,SOLUSDT,ask,136,10038.0
2024-09-14 15:57:39,SOLUSDT,ask,136,10045.0
2024-09-14 15:57:39,SOLUSDT,ask,136,10044.0
2024-09-14 15:57:40,SOLUSDT,ask,136,10043.0
2024-09-14 15:57:40,SOLUSDT,ask,136,10044.0
2024-09-14 15:57:41,SOLUSDT,ask,136,10027.0
2024-09-14 15:57:42,SOLUSDT,ask,136,10026.0
2024-09-14 15:57:48,SOLUSDT,ask,136,10043.0
2024-09-14 15:57:49,SOLUSDT,ask,136,10044.0
2024-09-14 15:57:50,SOLUSDT,ask,136,10037.0
2024-09-14 15:57:50,SOLUSDT,ask,136,10035.0
2024-09-14 15:57:51,SOLUSDT,ask,136,10180.0
2024-09-14 15:57:51,SOLUSDT,ask,136,10086.0
2024-09-14 15:57:52,SOLUSDT,ask,136,10232.0
2024-09-14 15:57:52,SOLUSDT,ask,136,10086.0
2024-09-14 15:57:53,SOLUSDT,ask,136,10086.0
2024-09-14 15:57:54,SOLUSDT,ask,136,10086.0
2024-09-14 15:57:55,SOLUSDT,ask,136,10086.0
2024-09-14 15:57:56,SOLUSDT,ask,136,10035.0
2024-09-14 15:57:56,SOLUSDT,ask,136,10132.0
2024-09-14 15:57:56,SOLUSDT,ask,136,10120.0
2024-09-14 15:57:56,SOLUSDT,ask,136,10132.0
2024-09-14 15:57:56,SOLUSDT,ask,136,10121.0
2024-09-14 15:57:59,SOLUSDT,ask,136,10135.0
2024-09-14 15:57:59,SOLUSDT,ask,136,10033.0
2024-09-14 15:58:00,SOLUSDT,ask,136,10106.0
2024-09-14 15:58:00,SOLUSDT,ask,136,10032.0
2024-09-14 15:58:01,SOLUSDT,ask,136,10033.0
2024-09-14 15:58:03,SOLUSDT,ask,136,10264.0
2024-09-14 15:58:03,SOLUSDT,ask,136,10230.0
2024-09-14 15:58:04,SOLUSDT,ask,136,10213.0
2024-09-14 15:58:04,SOLUSDT,ask,136,10214.0
2024-09-14 15:58:04,SOLUSDT,ask,136,10003.0
2024-09-14 15:58:06,SOLUSDT,ask,136,10002.0
2024-09-14 15:58:11,SOLUSDT,ask,136,10016.0
2024-09-14 15:58:16,SOLUSDT,ask,136,10030.0
2024-09-14 15:58:16,SOLUSDT,ask,136,10346.0
2024-09-14 15:58:18,SOLUSDT,ask,136,10030.0
2024-09-14 15:58:20,SOLUSDT,ask,136,10253.0
2024-09-14 15:58:20,SOLUSDT,bid,132,10264.0
2024-09-14 15:58:20,SOLUSDT,bid,135,8241.0
2024-09-14 15:58:20,SOLUSDT,ask,140,10264.0
2024-09-14 15:58:21,SOLUSDT,ask,138,8463.0
2024-09-14 15:58:21,SOLUSDT,ask,136,10279.0
2024-09-14 15:58:24,SOLUSDT,ask,136,10243.0
2024-09-14 15:58:24,SOLUSDT,ask,136,10280.0
2024-09-14 15:58:24,SOLUSDT,ask,136,10207.0
2024-09-14 15:58:24,SOLUSDT,ask,136,10272.0
2024-09-14 15:58:24,SOLUSDT,ask,136,10308.0
2024-09-14 15:58:25,SOLUSDT,ask,136,10345.0
2024-09-14 15:58:25,SOLUSDT,ask,136,10319.0
2024-09-14 15:58:25,SOLUSDT,ask,136,10345.0
2024-09-14 15:58:25,SOLUSDT,ask,136,10235.0
2024-09-14 15:58:26,SOLUSDT,ask,136,10235.0
2024-09-14 15:58:26,SOLUSDT,ask,136,10235.0
2024-09-14 15:58:26,SOLUSDT,ask,136,10272.0
2024-09-14 15:58:27,SOLUSDT,ask,136,10235.0
2024-09-14 15:58:27,SOLUSDT,ask,136,10170.0
2024-09-14 15:58:28,SOLUSDT,ask,136,10175.0
2024-09-14 15:58:28,SOLUSDT,ask,136,10041.0
2024-09-14 15:58:28,SOLUSDT,ask,136,10043.0
2024-09-14 15:58:28,SOLUSDT,ask,136,10046.0
2024-09-14 15:58:29,SOLUSDT,ask,136,10100.0
2024-09-14 15:58:30,SOLUSDT,ask,136,10074.0
2024-09-14 15:58:30,SOLUSDT,bid,135,10557.0
2024-09-14 15:58:31,SOLUSDT,ask,136,10016.0
2024-09-14 15:58:32,SOLUSDT,ask,136,10016.0
2024-09-14 15:58:32,SOLUSDT,ask,136,10019.0
2024-09-14 15:58:32,SOLUSDT,ask,136,10016.0
2024-09-14 15:58:32,SOLUSDT,ask,136,10022.0
2024-09-14 15:58:32,SOLUSDT,ask,136,10016.0
2024-09-14 15:58:34,SOLUSDT,ask,136,10019.0
2024-09-14 15:58:34,SOLUSDT,ask,136,10021.0
2024-09-14 15:58:34,SOLUSDT,bid,135,10607.0
2024-09-14 15:58:35,SOLUSDT,ask,136,10018.0
2024-09-14 15:58:35,SOLUSDT,ask,136,10021.0
2024-09-14 15:58:35,SOLUSDT,ask,136,10119.0
2024-09-14 15:58:36,SOLUSDT,ask,136,10021.0
2024-09-14 15:58:38,SOLUSDT,ask,136,10024.0
2024-09-14 15:58:39,SOLUSDT,ask,136,10021.0
2024-09-14 15:58:40,SOLUSDT,ask,140,14564.0
2024-09-14 15:58:41,SOLUSDT,ask,136,10018.0
2024-09-14 15:58:41,SOLUSDT,ask,136,10025.0
2024-09-14 15:58:41,SOLUSDT,ask,136,10022.0
2024-09-14 15:58:43,SOLUSDT,ask,136,10024.0
2024-09-14 15:58:44,SOLUSDT,ask,136,10022.0
2024-09-14 15:58:44,SOLUSDT,ask,136,10019.0
2024-09-14 15:58:45,SOLUSDT,ask,136,10022.0
2024-09-14 15:58:46,SOLUSDT,ask,136,10120.0
2024-09-14 15:58:46,SOLUSDT,ask,136,10022.0
2024-09-14 15:58:48,SOLUSDT,ask,136,10014.0
2024-09-14 15:58:48,SOLUSDT,ask,136,10017.0
2024-09-14 15:58:49,SOLUSDT,ask,136,10014.0
2024-09-14 15:58:49,SOLUSDT,bid,135,10557.0
2024-09-14 15:58:49,SOLUSDT,ask,136,10017.0
2024-09-14 15:58:50,SOLUSDT,ask,136,10020.0
2024-09-14 15:58:50,SOLUSDT,ask,136,10017.0
2024-09-14 15:58:55,SOLUSDT,ask,136,10072.0
2024-09-14 15:58:55,SOLUSDT,ask,136,10073.0
2024-09-14 15:58:55,SOLUSDT,ask,136,10075.0
2024-09-14 15:58:55,SOLUSDT,ask,136,9976.0
2024-09-14 15:58:56,SOLUSDT,ask,136,9977.0
2024-09-14 15:58:56,SOLUSDT,ask,136,9982.0
2024-09-14 15:58:56,SOLUSDT,ask,136,10016.0
2024-09-14 15:58:57,SOLUSDT,ask,136,9992.0
2024-09-14 15:58:57,SOLUSDT,ask,136,9991.0
2024-09-14 15:58:57,SOLUSDT,ask,136,10014.0
2024-09-14 15:58:57,SOLUSDT,ask,136,10038.0
2024-09-14 15:58:57,SOLUSDT,ask,136,9990.0
2024-09-14 15:58:58,SOLUSDT,ask,136,8841.0
2024-09-14 15:58:58,SOLUSDT,ask,136,8553.0
2024-09-14 15:58:58,SOLUSDT,ask,136,8556.0
2024-09-14 15:58:58,SOLUSDT,ask,136,8560.0
2024-09-14 15:58:58,SOLUSDT,ask,136,8561.0
2024-09-14 15:58:58,SOLUSDT,ask,136,8565.0
2024-09-14 15:58:59,SOLUSDT,ask,136,8547.0
2024-09-14 15:58:59,SOLUSDT,ask,136,8393.0
2024-09-14 15:59:00,SOLUSDT,ask,136,8417.0
2024-09-14 15:59:00,SOLUSDT,ask,136,8392.0
2024-09-14 15:59:01,SOLUSDT,ask,136,8416.0
2024-09-14 15:59:01,SOLUSDT,ask,136,8396.0
2024-09-14 15:59:01,SOLUSDT,ask,136,8489.0
2024-09-14 15:59:01,SOLUSDT,ask,136,8488.0
2024-09-14 15:59:01,SOLUSDT,ask,136,8495.0
2024-09-14 15:59:02,SOLUSDT,ask,136,8496.0
2024-09-14 15:59:02,SOLUSDT,ask,136,8502.0
2024-09-14 15:59:02,SOLUSDT,ask,136,8427.0
2024-09-14 15:59:02,SOLUSDT,ask,136,8451.0
2024-09-14 15:59:02,SOLUSDT,ask,136,8454.0
2024-09-14 15:59:02,SOLUSDT,ask,136,8502.0
2024-09-14 15:59:02,SOLUSDT,ask,136,8478.0
2024-09-14 15:59:02,SOLUSDT,ask,136,8420.0
2024-09-14 15:59:02,SOLUSDT,ask,136,8390.0
2024-09-14 15:59:02,SOLUSDT,ask,136,8418.0
2024-09-14 15:59:03,SOLUSDT,ask,136,8366.0
2024-09-14 15:59:03,SOLUSDT,ask,136,8390.0
2024-09-14 15:59:03,SOLUSDT,ask,136,8365.0
2024-09-14 15:59:03,SOLUSDT,ask,136,8389.0
2024-09-14 15:59:03,SOLUSDT,ask,136,8393.0
2024-09-14 15:59:03,SOLUSDT,ask,136,8385.0
2024-09-14 15:59:04,SOLUSDT,ask,136,8361.0
2024-09-14 15:59:04,SOLUSDT,ask,136,8333.0
2024-09-14 15:59:04,SOLUSDT,ask,136,7906.0
2024-09-14 15:59:04,SOLUSDT,ask,136,7898.0
2024-09-14 15:59:04,SOLUSDT,ask,136,7897.0
2024-09-14 15:59:04,SOLUSDT,ask,136,7900.0
2024-09-14 15:59:04,SOLUSDT,ask,136,7902.0
2024-09-14 15:59:04,SOLUSDT,ask,136,7905.0
2024-09-14 15:59:05,SOLUSDT,ask,136,7912.0
2024-09-14 15:59:05,SOLUSDT,ask,136,7911.0
2024-09-14 15:59:05,SOLUSDT,ask,136,7983.0
2024-09-14 15:59:05,SOLUSDT,ask,136,8007.0
2024-09-14 15:59:05,SOLUSDT,ask,136,8000.0
2024-09-14 15:59:05,SOLUSDT,ask,136,8007.0
2024-09-14 15:59:06,SOLUSDT,ask,136,7983.0
2024-09-14 15:59:06,SOLUSDT,ask,136,7959.0
2024-09-14 15:59:07,SOLUSDT,ask,136,7935.0
2024-09-14 15:59:07,SOLUSDT,ask,136,8001.0
2024-09-14 15:59:07,SOLUSDT,ask,136,7953.0
2024-09-14 15:59:07,SOLUSDT,bid,135,10576.0
2024-09-14 15:59:07,SOLUSDT,ask,136,7952.0
2024-09-14 15:59:07,SOLUSDT,ask,136,7976.0
2024-09-14 15:59:07,SOLUSDT,ask,136,7927.0
2024-09-14 15:59:07,SOLUSDT,ask,136,7909.0
2024-09-14 15:59:08,SOLUSDT,ask,136,7910.0
2024-09-14 15:59:08,SOLUSDT,ask,136,7916.0
2024-09-14 15:59:08,SOLUSDT,ask,136,7916.0
2024-09-14 15:59:08,SOLUSDT,ask,136,7940.0
2024-09-14 15:59:08,SOLUSDT,ask,136,7987.0
2024-09-14 15:59:08,SOLUSDT,ask,136,7915.0
2024-09-14 15:59:08,SOLUSDT,ask,136,7916.0
2024-09-14 15:59:08,SOLUSDT,ask,136,7964.0
2024-09-14 15:59:09,SOLUSDT,ask,136,7916.0
2024-09-14 15:59:09,SOLUSDT,ask,136,7916.0
2024-09-14 15:59:09,SOLUSDT,ask,136,7940.0
2024-09-14 15:59:09,SOLUSDT,ask,136,7941.0
2024-09-14 15:59:09,SOLUSDT,ask,136,7945.0
2024-09-14 15:59:09,SOLUSDT,ask,136,7945.0
2024-09-14 15:59:09,SOLUSDT,ask,136,8018.0
2024-09-14 15:59:10,SOLUSDT,ask,136,8101.0
2024-09-14 15:59:10,SOLUSDT,ask,136,8112.0
2024-09-14 15:59:10,SOLUSDT,ask,136,8128.0
2024-09-14 15:59:10,SOLUSDT,ask,136,8116.0
2024-09-14 15:59:10,SOLUSDT,ask,136,8122.0
2024-09-14 15:59:11,SOLUSDT,ask,136,8121.0
2024-09-14 15:59:11,SOLUSDT,ask,136,8088.0
2024-09-14 15:59:11,SOLUSDT,ask,136,8064.0
2024-09-14 15:59:11,SOLUSDT,ask,136,8088.0
2024-09-14 15:59:11,SOLUSDT,ask,136,7994.0
2024-09-14 15:59:11,SOLUSDT,ask,136,7994.0
2024-09-14 15:59:12,SOLUSDT,ask,136,8018.0
2024-09-14 15:59:12,SOLUSDT,ask,136,7994.0
2024-09-14 15:59:12,SOLUSDT,ask,136,8018.0
2024-09-14 15:59:12,SOLUSDT,ask,136,8037.0
2024-09-14 15:59:12,SOLUSDT,ask,136,8013.0
2024-09-14 15:59:13,SOLUSDT,ask,136,8014.0
2024-09-14 15:59:13,SOLUSDT,ask,136,7989.0
2024-09-14 15:59:13,SOLUSDT,ask,136,8013.0
2024-09-14 15:59:13,SOLUSDT,ask,136,8061.0
2024-09-14 15:59:13,SOLUSDT,ask,136,8085.0
2024-09-14 15:59:14,SOLUSDT,ask,136,8087.0
2024-09-14 15:59:14,SOLUSDT,ask,136,8092.0
2024-09-14 15:59:14,SOLUSDT,ask,136,8092.0
2024-09-14 15:59:15,SOLUSDT,ask,136,8095.0
2024-09-14 15:59:15,SOLUSDT,ask,136,8094.0
2024-09-14 15:59:15,SOLUSDT,ask,136,8093.0
2024-09-14 15:59:15,SOLUSDT,ask,136,7997.0
2024-09-14 15:59:15,SOLUSDT,ask,136,8002.0
2024-09-14 15:59:16,SOLUSDT,ask,136,8026.0
2024-09-14 15:59:16,SOLUSDT,ask,136,8073.0
2024-09-14 15:59:17,SOLUSDT,ask,136,8069.0
2024-09-14 15:59:17,SOLUSDT,ask,136,7997.0
2024-09-14 15:59:17,SOLUSDT,ask,136,8051.0
2024-09-14 15:59:17,SOLUSDT,ask,136,7980.0
2024-09-14 15:59:17,SOLUSDT,ask,136,8027.0
2024-09-14 15:59:17,SOLUSDT,ask,136,8051.0
2024-09-14 15:59:17,SOLUSDT,ask,136,8045.0
2024-09-14 15:59:17,SOLUSDT,ask,136,7975.0
2024-09-14 15:59:17,SOLUSDT,ask,136,7999.0
2024-09-14 15:59:18,SOLUSDT,ask,136,7974.0
2024-09-14 15:59:18,SOLUSDT,ask,136,7869.0
2024-09-14 15:59:18,SOLUSDT,ask,136,7868.0
2024-09-14 15:59:18,SOLUSDT,ask,136,7863.0
2024-09-14 15:59:18,SOLUSDT,ask,136,7862.0
2024-09-14 15:59:18,SOLUSDT,ask,136,7950.0
2024-09-14 15:59:18,SOLUSDT,ask,136,7953.0
2024-09-14 15:59:18,SOLUSDT,ask,136,7950.0
2024-09-14 15:59:19,SOLUSDT,ask,136,7951.0
2024-09-14 15:59:19,SOLUSDT,ask,136,7927.0
2024-09-14 15:59:19,SOLUSDT,ask,136,7855.0
2024-09-14 16:00:35,SOLUSDT,bid,128,8715.0
2024-09-14 16:00:57,SOLUSDT,ask,146,15722.0
2024-09-14 16:01:01,SOLUSDT,bid,135,8433.0
2024-09-14 16:01:01,SOLUSDT,bid,135,8337.0
2024-09-14 16:01:01,SOLUSDT,bid,135,8241.0
2024-09-14 16:01:02,SOLUSDT,bid,128,8723.0
2024-09-14 16:01:13,SOLUSDT,ask,141,9332.0
2024-09-14 16:01:24,SOLUSDT,ask,141,9330.0
2024-09-14 16:01:26,SOLUSDT,bid,135,10587.0
2024-09-14 16:02:18,SOLUSDT,bid,135,10578.0
2024-09-14 16:02:29,SOLUSDT,bid,133,10265.0
2024-09-14 16:02:29,SOLUSDT,bid,135,8212.0
2024-09-14 16:02:29,SOLUSDT,ask,140,10266.0
2024-09-14 16:02:30,SOLUSDT,ask,138,8341.0
2024-09-14 16:02:41,SOLUSDT,bid,125,12113.0
2024-09-14 16:02:54,SOLUSDT,bid,115,10709.0
2024-09-14 16:02:54,SOLUSDT,bid,120,15228.0
2024-09-14 16:02:54,SOLUSDT,bid,125,12108.0
2024-09-14 16:02:54,SOLUSDT,bid,128,8718.0
2024-09-14 16:03:08,SOLUSDT,ask,140,33047.0
2024-09-14 16:03:08,SOLUSDT,ask,141,9328.0
2024-09-14 16:03:11,SOLUSDT,bid,135,10466.0
2024-09-14 16:03:35,SOLUSDT,ask,140,14592.0
2024-09-14 16:03:49,SOLUSDT,ask,140,14557.0
2024-09-14 16:03:57,SOLUSDT,bid,135,10482.0
2024-09-14 16:05:02,SOLUSDT,ask,141,9326.0
2024-09-14 16:05:08,SOLUSDT,ask,141,9904.0
2024-09-14 16:05:11,SOLUSDT,ask,147,21371.0
2024-09-14 16:05:36,SOLUSDT,ask,151,14758.0
2024-09-14 16:05:46,SOLUSDT,bid,135,10483.0
2024-09-14 16:05:59,SOLUSDT,ask,140,14529.0
2024-09-14 16:06:30,SOLUSDT,bid,135,10447.0
2024-09-14 16:06:38,SOLUSDT,bid,135,10431.0
2024-09-14 16:07:01,SOLUSDT,ask,141,9896.0
2024-09-14 16:07:16,SOLUSDT,bid,135,10430.0
2024-09-14 16:07:22,SOLUSDT,bid,128,8719.0
2024-09-14 16:07:50,SOLUSDT,ask,138,8211.0
2024-09-14 16:07:55,SOLUSDT,bid,135,10330.0
2024-09-14 16:07:56,SOLUSDT,bid,125,12109.0
2024-09-14 16:07:59,SOLUSDT,bid,125,12110.0
2024-09-14 16:07:59,SOLUSDT,bid,128,8720.0
2024-09-14 16:07:59,SOLUSDT,ask,140,33047.0
2024-09-14 16:08:37,SOLUSDT,ask,146,35119.0
2024-09-14 16:08:51,SOLUSDT,bid,135,10295.0
2024-09-14 16:09:01,SOLUSDT,bid,135,10298.0
2024-09-14 16:09:11,SOLUSDT,ask,140,33048.0
2024-09-14 16:09:41,SOLUSDT,ask,147,21367.0
2024-09-14 16:10:10,SOLUSDT,bid,135,10302.0
2024-09-14 16:10:45,SOLUSDT,bid,125,12106.0
2024-09-14 16:12:42,SOLUSDT,bid,128,8719.0
2024-09-14 16:12:44,SOLUSDT,bid,133,10264.0
2024-09-14 16:12:44,SOLUSDT,bid,135,8421.0
2024-09-14 16:12:44,SOLUSDT,ask,141,10268.0
2024-09-14 16:12:45,SOLUSDT,ask,138,8232.0
2024-09-14 16:12:56,SOLUSDT,bid,120,15229.0
2024-09-14 16:12:56,SOLUSDT,bid,125,12107.0
2024-09-14 16:12:56,SOLUSDT,bid,128,8720.0
2024-09-14 16:12:56,SOLUSDT,bid,135,10303.0
2024-09-14 16:12:56,SOLUSDT,ask,140,33049.0
2024-09-14 16:13:07,SOLUSDT,bid,135,10310.0
2024-09-14 16:13:36,SOLUSDT,bid,135,10312.0
2024-09-14 16:14:53,SOLUSDT,bid,135,10303.0
2024-09-14 16:14:56,SOLUSDT,bid,135,10003.0
2024-09-14 16:15:36,SOLUSDT,bid,125,12106.0
2024-09-14 16:15:36,SOLUSDT,bid,128,8719.0
2024-09-14 16:15:36,SOLUSDT,ask,140,33048.0
2024-09-14 16:16:20,SOLUSDT,ask,144,37961.0
2024-09-14 16:16:22,SOLUSDT,bid,135,10002.0
2024-09-14 16:16:22,SOLUSDT,ask,145,24216.0
2024-09-14 16:17:02,SOLUSDT,bid,135,10001.0
2024-09-14 16:17:06,SOLUSDT,bid,135,10024.0
2024-09-14 16:17:34,SOLUSDT,bid,133,10335.0
2024-09-14 16:18:43,SOLUSDT,bid,135,10008.0
2024-09-14 16:18:44,SOLUSDT,bid,135,8434.0
2024-09-14 16:19:07,SOLUSDT,bid,135,10024.0
2024-09-14 16:19:15,SOLUSDT,bid,135,10030.0
2024-09-14 16:19:19,SOLUSDT,bid,110,20458.0
2024-09-14 16:19:19,SOLUSDT,bid,115,10708.0
2024-09-14 16:19:19,SOLUSDT,bid,120,15228.0
2024-09-14 16:19:19,SOLUSDT,bid,125,12105.0
2024-09-14 16:19:19,SOLUSDT,bid,135,10029.0
2024-09-14 16:19:19,SOLUSDT,ask,140,33047.0
2024-09-14 16:19:19,SOLUSDT,ask,145,24215.0
2024-09-14 16:19:44,SOLUSDT,bid,135,8421.0
2024-09-14 16:19:46,SOLUSDT,ask,140,33049.0
2024-09-14 16:19:50,SOLUSDT,bid,135,10030.0
2024-09-14 16:20:06,SOLUSDT,bid,125,12107.0
2024-09-14 16:20:37,SOLUSDT,ask,140,33050.0
2024-09-14 16:21:07,SOLUSDT,ask,144,37956.0
2024-09-14 16:21:21,SOLUSDT,ask,144,37873.0
2024-09-14 16:21:33,SOLUSDT,ask,145,24201.0
2024-09-14 16:21:36,SOLUSDT,bid,135,10092.0
2024-09-14 16:24:09,SOLUSDT,bid,128,8718.0
2024-09-14 16:24:09,SOLUSDT,bid,135,10091.0
2024-09-14 16:24:26,SOLUSDT,bid,136,7317.0
2024-09-14 16:24:30,SOLUSDT,ask,140,33044.0
2024-09-14 16:24:33,SOLUSDT,bid,136,7615.0
2024-09-14 16:24:37,SOLUSDT,bid,136,7585.0
2024-09-14 16:24:45,SOLUSDT,bid,136,7586.0
2024-09-14 16:24:46,SOLUSDT,bid,136,7585.0
2024-09-14 16:24:46,SOLUSDT,bid,136,7584.0
2024-09-14 16:24:53,SOLUSDT,bid,136,7317.0
2024-09-14 16:24:58,SOLUSDT,bid,136,7639.0
2024-09-14 16:24:58,SOLUSDT,ask,146,35099.0
2024-09-14 16:25:03,SOLUSDT,bid,136,7325.0
2024-09-14 16:25:13,SOLUSDT,ask,144,37880.0
2024-09-14 16:25:19,SOLUSDT,bid,135,10103.0
2024-09-14 16:25:19,SOLUSDT,bid,135,10091.0
2024-09-14 16:25:20,SOLUSDT,bid,135,10091.0
2024-09-14 16:25:24,SOLUSDT,bid,135,10092.0
2024-09-14 16:25:26,SOLUSDT,bid,135,10095.0
2024-09-14 16:25:34,SOLUSDT,bid,135,10096.0
2024-09-14 16:25:36,SOLUSDT,ask,140,33043.0
2024-09-14 16:25:39,SOLUSDT,bid,135,10093.0
2024-09-14 16:25:55,SOLUSDT,bid,135,10097.0
2024-09-14 16:25:58,SOLUSDT,bid,135,10096.0
2024-09-14 16:26:22,SOLUSDT,bid,136,14038.0
2024-09-14 16:28:20,SOLUSDT,bid,125,12108.0
2024-09-14 16:28:58,SOLUSDT,bid,135,10127.0
2024-09-14 16:28:59,SOLUSDT,bid,125,12093.0
2024-09-14 16:29:22,SOLUSDT,ask,141,9898.0
2024-09-14 16:29:27,SOLUSDT,bid,135,10134.0
2024-09-14 16:29:42,SOLUSDT,bid,135,10384.0
2024-09-14 16:30:13,SOLUSDT,bid,135,10843.0
2024-09-14 16:30:21,SOLUSDT,bid,135,10384.0
2024-09-14 16:30:27,SOLUSDT,bid,125,12097.0
2024-09-14 16:30:28,SOLUSDT,bid,125,12096.0
2024-09-14 16:30:49,SOLUSDT,ask,145,24263.0
2024-09-14 16:30:55,SOLUSDT,ask,145,24270.0
2024-09-14 16:31:01,SOLUSDT,bid,135,10353.0
2024-09-14 16:31:07,SOLUSDT,ask,140,33044.0
2024-09-14 16:31:15,SOLUSDT,bid,120,15218.0
2024-09-14 16:31:43,SOLUSDT,ask,140,33042.0
2024-09-14 16:31:46,SOLUSDT,bid,135,10349.0
2024-09-14 16:32:19,SOLUSDT,bid,135,10353.0
2024-09-14 16:32:19,SOLUSDT,ask,145,24267.0
2024-09-14 16:32:29,SOLUSDT,bid,135,10352.0
2024-09-14 16:33:41,SOLUSDT,bid,128,8716.0
2024-09-14 16:33:47,SOLUSDT,bid,82,24332.0
2024-09-14 16:34:04,SOLUSDT,bid,135,10452.0
2024-09-14 16:34:21,SOLUSDT,bid,135,10458.0
2024-09-14 16:34:46,SOLUSDT,ask,141,14257.0
2024-09-14 16:35:14,SOLUSDT,bid,125,12083.0
2024-09-14 16:35:14,SOLUSDT,bid,125,12081.0
2024-09-14 16:35:25,SOLUSDT,bid,125,12097.0
2024-09-14 16:36:29,SOLUSDT,bid,135,10451.0
2024-09-14 16:36:42,SOLUSDT,bid,128,8722.0
2024-09-14 16:36:59,SOLUSDT,bid,82,24332.0
2024-09-14 16:37:11,SOLUSDT,ask,144,37879.0
2024-09-14 16:37:50,SOLUSDT,ask,141,14212.0
2024-09-14 16:38:03,SOLUSDT,bid,135,10527.0
2024-09-14 16:38:10,SOLUSDT,bid,120,15212.0
2024-09-14 16:38:26,SOLUSDT,bid,110,20464.0
2024-09-14 16:38:54,SOLUSDT,bid,135,10532.0
2024-09-14 16:38:54,SOLUSDT,ask,147,21467.0
2024-09-14 16:39:11,SOLUSDT,bid,135,10529.0
2024-09-14 16:39:17,SOLUSDT,bid,82,24332.0
2024-09-14 16:39:55,SOLUSDT,ask,140,33003.0
