1726963250979,ETHUSDT,bid,1700,6016.953
1726963357867,ETHUSDT,bid,1700,6017.503
1726963381965,ETHUSDT,bid,2490,4108.259
1726963628187,ETHUSDT,bid,2460,4189.807
1726963640693,ETHUSDT,bid,2220,4585.762
1726963770996,ETHUSDT,bid,2420,4240.868
1726964167403,ETHUSDT,bid,2420,4241.666
1726964175031,ETHUSDT,bid,2220,4584.306
1726964299850,ETHUSDT,bid,2420,4237.666
1726964340701,ETHUSDT,bid,2420,4237.463
1726964355027,ETHUSDT,bid,2220,4584.288
1726964361740,ETHUSDT,bid,2220,4584.269
1726964361740,ETHUSDT,bid,2420,4237.444
1726964553079,ETHUSDT,bid,2460,4189.604
1726964600884,ETHUSDT,bid,2030,5062.471
1726964626474,ETHUSDT,bid,2420,4236.646
1726964682362,ETHUSDT,bid,1700,6017.487
1726964834402,ETHUSDT,bid,2030,5063.471
1726964914802,ETHUSDT,bid,2460,4188.991
1726964921312,ETHUSDT,bid,2490,4107.859
1726965002536,ETHUSDT,bid,2490,4107.868
1726965435511,ETHUSDT,bid,2420,4229.646
1726965525893,ETHUSDT,ask,3090,3259.108
1726965798320,ETHUSDT,bid,2460,4188.621
1726965811505,ETHUSDT,bid,2490,4105.868
1726965826719,ETHUSDT,bid,2430,4121.319
1726965837141,ETHUSDT,bid,1950,5482.99
1726965909108,ETHUSDT,bid,2420,4229.72
1726966311321,ETHUSDT,bid,1960,5177.695
1726966448122,ETHUSDT,bid,1950,5480.695
1726966578345,ETHUSDT,bid,2420,4229.22
1726966996205,ETHUSDT,bid,2460,4188.63
1726967758369,ETHUSDT,bid,2220,4579.269
1726968632113,ETHUSDT,bid,2420,4229.202
1726969115415,ETHUSDT,bid,1960,5176.576
1726969167631,ETHUSDT,bid,2420,4229.242
1726969190646,ETHUSDT,bid,2490,4105.881
1726969317035,ETHUSDT,bid,2490,4105.706
1726969337018,ETHUSDT,bid,2490,4105.098
1726969698095,ETHUSDT,bid,2220,4579.259
1726969959663,ETHUSDT,bid,2490,4105.02
1726970330236,ETHUSDT,bid,2490,4105.03
1726970332206,ETHUSDT,bid,2490,4105.04
1726970366839,ETHUSDT,bid,2490,4105.05
1726970370237,ETHUSDT,bid,2490,4105.06
1726970378311,ETHUSDT,bid,2490,4105.07
1726970378718,ETHUSDT,bid,2490,4105.08
1726970379644,ETHUSDT,bid,2490,4105.09
1726970380053,ETHUSDT,bid,2490,4105.1
1726970425665,ETHUSDT,bid,2490,4105.09
1726970426076,ETHUSDT,bid,2490,4105.08
1726970426386,ETHUSDT,bid,2490,4105.07
1726970653712,ETHUSDT,bid,2490,4105.08
1726970653811,ETHUSDT,bid,2490,4105.09
1726970653909,ETHUSDT,bid,2490,4105.1
1726970655050,ETHUSDT,bid,2490,4105.11
1726970656905,ETHUSDT,bid,2490,4105.12
1726970657826,ETHUSDT,bid,2490,4105.13
1726970658563,ETHUSDT,bid,2420,4229.272
1726970658855,ETHUSDT,bid,2490,4105.14
1726970660225,ETHUSDT,bid,2490,4105.15
1726970660731,ETHUSDT,bid,2490,4105.16
1726970661037,ETHUSDT,bid,2490,4105.17
1726970661340,ETHUSDT,bid,2490,4105.18
1726970661441,ETHUSDT,bid,2490,4105.19
1726970663697,ETHUSDT,bid,2490,4118.525
1726970671453,ETHUSDT,bid,2490,4118.535
1726970671553,ETHUSDT,bid,2490,4118.545
1726970672487,ETHUSDT,bid,2490,4118.555
1726970672686,ETHUSDT,bid,2490,4118.565
1726970672788,ETHUSDT,bid,2490,4118.575
1726970672896,ETHUSDT,bid,2490,4118.585
1726970673202,ETHUSDT,bid,2490,4118.595
1726970673305,ETHUSDT,bid,2490,4118.605
1726970673406,ETHUSDT,bid,2490,4118.615
1726970673926,ETHUSDT,bid,2490,4118.625
1726970674161,ETHUSDT,bid,2490,4118.635
1726970674472,ETHUSDT,bid,2490,4118.645
1726970679000,ETHUSDT,bid,2490,4118.655
1726970680334,ETHUSDT,bid,2490,4131.992
1726970680605,ETHUSDT,bid,2490,4132.002
1726970682718,ETHUSDT,bid,2430,4121.28
1726970682825,ETHUSDT,bid,2490,4132.012
1726970695669,ETHUSDT,bid,2490,4132.022
1726970696205,ETHUSDT,bid,2490,4132.032
1726970696410,ETHUSDT,bid,2490,4132.042
1726970696504,ETHUSDT,bid,2490,4132.052
1726970696910,ETHUSDT,bid,2490,4132.062
1726970697136,ETHUSDT,bid,2490,4132.072
1726970698205,ETHUSDT,bid,2490,4132.082
1726970698607,ETHUSDT,bid,2490,4132.092
1726970699447,ETHUSDT,bid,2490,4132.102
1726970727443,ETHUSDT,bid,2490,4132.092
1726970727745,ETHUSDT,bid,2490,4132.082
1726970741533,ETHUSDT,bid,2490,4132.072
1726970757363,ETHUSDT,bid,2490,4132.062
1726970758789,ETHUSDT,bid,2490,4132.042
1726970759597,ETHUSDT,bid,2490,4132.032
1726970759799,ETHUSDT,bid,2490,4132.022
1726970760406,ETHUSDT,bid,2490,4132.012
1726970771108,ETHUSDT,bid,2490,4132.002
1726971204558,ETHUSDT,bid,2490,4136.502
1726971209804,ETHUSDT,bid,2490,4132.002
1726971248460,ETHUSDT,bid,2420,4229.263
1726971277472,ETHUSDT,bid,2220,4577.91
1726971482214,ETHUSDT,bid,2490,4131.963
1726972055831,ETHUSDT,bid,2490,4132.057
1726972070548,ETHUSDT,bid,2490,4118.722
1726972087061,ETHUSDT,bid,2490,4105.385
1726972154503,ETHUSDT,bid,2490,4105.375
1726972320027,ETHUSDT,bid,2490,4105.385
1726972320330,ETHUSDT,bid,2490,4105.395
1726972320533,ETHUSDT,bid,2490,4105.405
1726972321038,ETHUSDT,bid,2490,4105.415
1726972321138,ETHUSDT,bid,2490,4105.425
1726972350309,ETHUSDT,bid,2490,4105.415
1726972406323,ETHUSDT,bid,2030,5063.528
1726972661095,ETHUSDT,bid,2420,4229.189
1726974054481,ETHUSDT,bid,2420,4229.349
1726974189604,ETHUSDT,bid,2490,4105.385
1726974405104,ETHUSDT,bid,2490,4105.185
1726974780740,ETHUSDT,bid,2490,4105.195
1726974780942,ETHUSDT,bid,2490,4105.205
1726974781245,ETHUSDT,bid,2490,4105.215
1726974781751,ETHUSDT,bid,2600,4553.757
1726974782359,ETHUSDT,bid,2600,4569.171
1726974782661,ETHUSDT,bid,2600,4573.362
1726974783374,ETHUSDT,bid,2600,4569.562
1726974783482,ETHUSDT,bid,2600,4569.162
1726974784103,ETHUSDT,bid,2600,4569.173
1726974784205,ETHUSDT,bid,2600,4569.162
1726974786994,ETHUSDT,bid,2600,4569.173
1726974787505,ETHUSDT,bid,2600,4569.173
1726974787609,ETHUSDT,bid,2600,4569.162
1726974788530,ETHUSDT,bid,2600,4569.173
1726974788635,ETHUSDT,bid,2600,4569.162
1726974789354,ETHUSDT,bid,2600,4569.368
1726974789574,ETHUSDT,bid,2600,4569.162
1726974790200,ETHUSDT,bid,2600,4567.962
1726974790604,ETHUSDT,bid,2600,4572.162
1726974790806,ETHUSDT,bid,2600,4573.553
1726974791110,ETHUSDT,bid,2600,4569.353
1726974799515,ETHUSDT,bid,2490,4105.205
1726974802380,ETHUSDT,bid,2490,4105.195
1726974888851,ETHUSDT,bid,1960,5176.561
1726975024724,ETHUSDT,bid,1960,5176.576
1726975652883,ETHUSDT,bid,2490,4105.2
1726975986805,ETHUSDT,bid,1710,5868.654
1726976070717,ETHUSDT,bid,1710,5868.77
1726976220791,ETHUSDT,bid,2490,4105.21
1726976264022,ETHUSDT,bid,2490,4105.2
1726976967132,ETHUSDT,bid,2420,4229.479
1726977264796,ETHUSDT,bid,2490,4105.19
1726977364489,ETHUSDT,bid,2490,4105.17
1726977366964,ETHUSDT,bid,2490,4105.15
1726977435153,ETHUSDT,bid,2490,4105.14
1726977435358,ETHUSDT,bid,2490,4105.13
1726977451754,ETHUSDT,bid,2490,4105.12
1726977504293,ETHUSDT,bid,2490,4105.11
1726977532489,ETHUSDT,bid,2490,4105.1
1726977546511,ETHUSDT,bid,2490,4105.09
1726977580386,ETHUSDT,bid,2490,4105.08
1726977622492,ETHUSDT,bid,2490,4105.07
1726977622589,ETHUSDT,bid,2490,4105.06
1726977714799,ETHUSDT,bid,2490,4105.04
1726977755866,ETHUSDT,bid,2490,4105.03
1726977757317,ETHUSDT,bid,2490,4105.02
1726977764724,ETHUSDT,bid,2490,4105.01
1726977782403,ETHUSDT,bid,2490,4104.99
1726977808953,ETHUSDT,bid,2490,4104.97
1726977809366,ETHUSDT,bid,2490,4104.94
1726977837403,ETHUSDT,bid,2490,4104.92
1726977837812,ETHUSDT,bid,2490,4104.91
1726977850520,ETHUSDT,bid,2490,4104.9
1726977852707,ETHUSDT,bid,2490,4104.89
1726978067527,ETHUSDT,bid,1960,5176.561
1726978666105,ETHUSDT,bid,2490,4104.93
1726979460687,ETHUSDT,bid,2490,4104.68
1726979497636,ETHUSDT,bid,2490,4104.67
1726980042013,ETHUSDT,bid,2490,4104.68
1726980042623,ETHUSDT,bid,2490,4104.69
1726980044577,ETHUSDT,bid,2490,4104.7
1726980048499,ETHUSDT,bid,2490,4104.71
1726980054228,ETHUSDT,bid,2490,4104.72
1726980054747,ETHUSDT,bid,2490,4104.73
1726980092281,ETHUSDT,bid,2490,4104.74
1726980093305,ETHUSDT,bid,2490,4104.75
1726980093510,ETHUSDT,bid,2490,4104.76
1726980093935,ETHUSDT,bid,2490,4104.77
1726980095366,ETHUSDT,bid,2490,4104.79
1726980095879,ETHUSDT,bid,2490,4118.128
1726980096905,ETHUSDT,bid,2490,4118.138
1726980097112,ETHUSDT,bid,2490,4118.148
1726980098147,ETHUSDT,bid,2490,4118.158
1726980098248,ETHUSDT,bid,2490,4118.168
1726980099067,ETHUSDT,bid,2490,4118.178
1726980099996,ETHUSDT,bid,2490,4118.188
1726980100411,ETHUSDT,bid,2490,4118.198
1726980100513,ETHUSDT,bid,2490,4118.208
1726980106275,ETHUSDT,bid,2490,4118.218
1726980106586,ETHUSDT,bid,2490,4118.228
1726980136659,ETHUSDT,bid,2490,4118.218
1726980141116,ETHUSDT,bid,2490,4118.208
1726980141318,ETHUSDT,bid,2490,4118.198
1726980141722,ETHUSDT,bid,2490,4118.188
1726980142024,ETHUSDT,bid,2490,4118.178
1726980142223,ETHUSDT,bid,2490,4118.168
1726980142646,ETHUSDT,bid,2490,4118.158
1726980522221,ETHUSDT,bid,2430,4121.691
1726980593930,ETHUSDT,bid,2490,4118.168
1726980596510,ETHUSDT,bid,2490,4118.178
1726980599834,ETHUSDT,bid,2490,4118.188
1726980600452,ETHUSDT,bid,2490,4118.198
1726980601570,ETHUSDT,bid,2490,4118.208
1726980602594,ETHUSDT,bid,2490,4118.218
1726980635944,ETHUSDT,bid,2460,4191.46
1726980670253,ETHUSDT,bid,2490,4118.208
1726980724936,ETHUSDT,bid,2490,4118.198
1726980818057,ETHUSDT,bid,2220,4577.862
1726980818057,ETHUSDT,bid,2420,4229.431
1726980826469,ETHUSDT,bid,2490,4118.208
1726980826781,ETHUSDT,bid,2490,4118.218
1726980827182,ETHUSDT,bid,2490,4118.228
1726981177291,ETHUSDT,bid,2420,4229.472
1726981209539,ETHUSDT,bid,2220,4577.906
1726981506714,ETHUSDT,bid,2490,4104.89
1726981897131,ETHUSDT,bid,2460,4201.974
1726981985890,ETHUSDT,bid,2490,4104.88
1726982140485,ETHUSDT,bid,1950,5470.695
1726982174922,ETHUSDT,bid,2490,4104.83
1726982524029,ETHUSDT,bid,2220,4577.206
1726982636750,ETHUSDT,bid,2460,4201.595
1726982711319,ETHUSDT,bid,2220,4577.162
1726982717746,ETHUSDT,bid,2420,4229.431
1726982758303,ETHUSDT,bid,2420,4229.513
1726982844104,ETHUSDT,bid,2490,4105.83
1726983021866,ETHUSDT,bid,2490,4105.82
1726983235430,ETHUSDT,bid,2490,4105.807
1726983326489,ETHUSDT,bid,2460,4201.783
1726984210423,ETHUSDT,bid,2420,4230.131
1726984289903,ETHUSDT,bid,2490,4105.797
1726984360528,ETHUSDT,bid,2430,4121.491
1726984387805,ETHUSDT,bid,2490,4106.171
1726984408087,ETHUSDT,bid,2030,5063.6
1726984418054,ETHUSDT,bid,2460,4200.971
1726984512411,ETHUSDT,bid,2490,4105.891
1726984526806,ETHUSDT,bid,2420,4230.501
1726984608438,ETHUSDT,bid,2220,4577.746
1726985864998,ETHUSDT,bid,2420,4231.001
1726986772104,ETHUSDT,bid,2490,4105.881
1726986839246,ETHUSDT,bid,2490,4105.871
1726986948349,ETHUSDT,bid,2490,4105.861
1726986952869,ETHUSDT,bid,2490,4105.851
1726986959660,ETHUSDT,bid,2420,4230.001
1726987000198,ETHUSDT,bid,1710,5867.542
1726987008716,ETHUSDT,bid,1700,6017.475
1726987008716,ETHUSDT,bid,1740,5778.319
1726987008716,ETHUSDT,bid,1780,5727.824
1726987038700,ETHUSDT,bid,2420,4229.971
1726987043943,ETHUSDT,bid,2490,4105.841
1726987076479,ETHUSDT,bid,2420,4229.98
1726987085573,ETHUSDT,bid,2490,4105.831
1726987169363,ETHUSDT,bid,2490,4105.801
1726987173761,ETHUSDT,bid,2490,4105.781
1726987179404,ETHUSDT,bid,1700,6022.81
1726987180426,ETHUSDT,bid,2490,4105.761
1726987221467,ETHUSDT,bid,2490,4105.751
1726987271861,ETHUSDT,bid,2490,4105.741
1726987465988,ETHUSDT,bid,2430,4121.509
1726987546522,ETHUSDT,bid,2490,4105.731
1726987555697,ETHUSDT,bid,2220,4577.756
1726987555697,ETHUSDT,bid,2420,4229.99
1726987608193,ETHUSDT,bid,2490,4105.721
1726987666397,ETHUSDT,bid,2490,4105.711
1726987762233,ETHUSDT,bid,2490,4106.111
1726987785844,ETHUSDT,bid,2220,4577.768
1726987865442,ETHUSDT,bid,2490,4106.101
1726987925111,ETHUSDT,bid,2490,4106.091
1726988470737,ETHUSDT,bid,2460,4190.457
1726988653703,ETHUSDT,bid,2220,4574.088
1726989863627,ETHUSDT,bid,2420,4229.981
1726989941426,ETHUSDT,bid,2490,4106.101
1726990082169,ETHUSDT,bid,2030,5063.685
1726991098402,ETHUSDT,bid,1780,5728.824
1726991100059,ETHUSDT,bid,2490,4106.092
1726991169806,ETHUSDT,ask,3090,3258.928
1726991628628,ETHUSDT,bid,1700,6022.948
1726992278102,ETHUSDT,bid,1710,5867.69
1726992278102,ETHUSDT,bid,1960,5176.709
1726992584540,ETHUSDT,bid,2420,4229.481
1726992602574,ETHUSDT,bid,2490,4106.101
1726992612059,ETHUSDT,bid,1940,5301.004
1726992747353,ETHUSDT,bid,2490,4105.727
1726992865543,ETHUSDT,bid,2420,4229.604
1726993861933,ETHUSDT,ask,3040,3284.809
1726993900648,ETHUSDT,ask,3040,3283.809
1726994392690,ETHUSDT,bid,2490,4108.063
1726994582119,ETHUSDT,bid,2490,4107.93
1726994816200,ETHUSDT,bid,1680,8949.031
1726994995503,ETHUSDT,bid,1700,6022.933
1726995371954,ETHUSDT,bid,2580,6117.275
1726995373093,ETHUSDT,bid,2580,6094.065
1726995391856,ETHUSDT,bid,2580,6094.084
1726995410486,ETHUSDT,bid,2490,4105.594
1726995415082,ETHUSDT,bid,2580,6089.555
1726995416646,ETHUSDT,bid,2580,5079.518
1726995424135,ETHUSDT,bid,2580,5078.528
1726995462804,ETHUSDT,bid,2580,5078.374
1726995464780,ETHUSDT,bid,2580,5076.021
1726995516943,ETHUSDT,bid,2580,5077.181
1726995550901,ETHUSDT,bid,2580,5077.199
1726995551103,ETHUSDT,bid,2580,5077.96
1726995598623,ETHUSDT,bid,2580,5078.46
1726995604781,ETHUSDT,bid,2580,5079.419
1726995620057,ETHUSDT,bid,2580,5080.409
1726995620158,ETHUSDT,bid,2580,5079.419
1726995636835,ETHUSDT,bid,2580,5079.469
1726995642860,ETHUSDT,bid,2580,5080.459
1726995659556,ETHUSDT,bid,2580,5080.473
1726995660694,ETHUSDT,bid,2580,5079.322
1726995669553,ETHUSDT,bid,2420,4229.846
1726995681907,ETHUSDT,bid,2220,4574.352
1726996035838,ETHUSDT,bid,2420,4229.695
1726996173255,ETHUSDT,bid,2420,4229.572
1726996261850,ETHUSDT,bid,2420,4229.581
1726996363648,ETHUSDT,bid,2490,4102.57
1726996374412,ETHUSDT,bid,2420,4231.081
1726996377632,ETHUSDT,ask,2580,10008.383
1726996380114,ETHUSDT,ask,2580,10008.383
1726996381034,ETHUSDT,ask,2580,10008.263
1726996389768,ETHUSDT,ask,2580,10008.626
1726996389868,ETHUSDT,ask,2580,10003.72
1726996390073,ETHUSDT,ask,2580,10007.185
1726996391099,ETHUSDT,ask,2580,10007.185
1726996391807,ETHUSDT,ask,2580,10007.315
1726996394071,ETHUSDT,ask,2580,10007.315
1726996394168,ETHUSDT,ask,2580,10003.45
1726996395101,ETHUSDT,ask,2580,10003.45
1726996395405,ETHUSDT,ask,2580,10025.917
1726996396122,ETHUSDT,ask,2580,10003.45
1726996396534,ETHUSDT,ask,2580,10025.917
1726996398103,ETHUSDT,ask,2580,10003.45
1726996399145,ETHUSDT,ask,2580,10003.45
1726996399859,ETHUSDT,ask,2580,10007.289
1726996419726,ETHUSDT,bid,2420,4231.071
1726996617105,ETHUSDT,bid,2490,4102.672
1726997240442,ETHUSDT,bid,1940,5300.983
1726997368031,ETHUSDT,bid,2460,4192.253
1726997743218,ETHUSDT,bid,2460,4189.423
1726997786616,ETHUSDT,bid,2490,4102.322
1726998299883,ETHUSDT,bid,2490,4102.22
1726998436985,ETHUSDT,bid,2420,4231.061
1726998464813,ETHUSDT,bid,1960,5176.505
1726998699838,ETHUSDT,bid,2220,4574.342
1726998699838,ETHUSDT,bid,2420,4231.051
1726998764646,ETHUSDT,bid,2580,8875.034
1726998764747,ETHUSDT,bid,2580,8875.934
1726998764950,ETHUSDT,bid,2580,8875.034
1726998765147,ETHUSDT,bid,2580,8874.97
1726998765966,ETHUSDT,bid,2580,7910.782
1726998766070,ETHUSDT,bid,2580,7773.983
1726998766172,ETHUSDT,bid,2580,7773.759
1726998766274,ETHUSDT,bid,2580,7773.785
1726998766478,ETHUSDT,bid,2580,7774.418
1726998766580,ETHUSDT,bid,2580,7774.427
1726998766677,ETHUSDT,bid,2580,7774.317
1726998766782,ETHUSDT,bid,2580,7769.822
1726998766877,ETHUSDT,bid,2580,7769.86
1726998767091,ETHUSDT,bid,2580,7770.269
1726998767191,ETHUSDT,bid,2580,7770.489
1726998767498,ETHUSDT,bid,2580,7770.56
1726998767705,ETHUSDT,bid,2580,7770.31
1726998767805,ETHUSDT,bid,2580,7770.404
1726998768007,ETHUSDT,bid,2580,7770.308
1726998768116,ETHUSDT,bid,2580,7770.299
1726998768320,ETHUSDT,bid,2580,7770.313
1726998768524,ETHUSDT,bid,2580,7770.285
1726998768623,ETHUSDT,bid,2580,7770.392
1726998768817,ETHUSDT,bid,2580,7770.432
1726998769035,ETHUSDT,bid,2580,7765.781
1726998769123,ETHUSDT,bid,2580,7765.734
1726998769241,ETHUSDT,bid,2580,7765.952
1726998769346,ETHUSDT,bid,2580,7765.952
1726998769447,ETHUSDT,bid,2580,7766.092
1726998769546,ETHUSDT,bid,2580,7765.889
1726998769652,ETHUSDT,bid,2580,7765.889
1726998769752,ETHUSDT,bid,2580,7765.89
1726998769851,ETHUSDT,bid,2580,7766.034
1726998769962,ETHUSDT,bid,2580,7764.734
1726998770061,ETHUSDT,bid,2580,7764.688
1726998770163,ETHUSDT,bid,2580,7764.7
1726998770372,ETHUSDT,bid,2580,7764.794
1726998770484,ETHUSDT,bid,2580,7764.826
1726998770596,ETHUSDT,bid,2580,7759.826
1726998770703,ETHUSDT,bid,2580,7759.61
1726998770907,ETHUSDT,bid,2580,7759.603
1726998771206,ETHUSDT,bid,2580,7759.835
1726998771317,ETHUSDT,bid,2580,7760.024
1726998771422,ETHUSDT,bid,2580,7759.929
1726998771524,ETHUSDT,bid,2580,7760.293
1726998771614,ETHUSDT,bid,2580,7760.253
1726998771731,ETHUSDT,bid,2580,7759.091
1726998771829,ETHUSDT,bid,2580,7757.309
1726998772139,ETHUSDT,bid,2580,7757.347
1726998772344,ETHUSDT,bid,2580,7757.168
1726998772446,ETHUSDT,bid,2580,7757.355
1726998772548,ETHUSDT,bid,2580,7757.329
1726998772646,ETHUSDT,bid,2580,7757.08
1726998772846,ETHUSDT,bid,2580,7757.121
1726998772959,ETHUSDT,bid,2580,7757.028
1726998773058,ETHUSDT,bid,2580,7757.003
1726998773161,ETHUSDT,bid,2580,7756.448
1726998773258,ETHUSDT,bid,2580,7756.61
1726998773373,ETHUSDT,bid,2580,7755.967
1726998773574,ETHUSDT,bid,2580,7732.7
1726998773688,ETHUSDT,bid,2580,7731.833
1726998774003,ETHUSDT,bid,2580,7731.692
1726998774102,ETHUSDT,bid,2580,7731.393
1726998774205,ETHUSDT,bid,2580,7731.402
1726998774304,ETHUSDT,bid,2580,7731.858
1726998774408,ETHUSDT,bid,2580,7731.878
1726998774511,ETHUSDT,bid,2580,7731.493
1726998774608,ETHUSDT,bid,2580,7731.709
1726998774711,ETHUSDT,bid,2580,7731.631
1726998774817,ETHUSDT,bid,2580,7731.67
1726998774921,ETHUSDT,bid,2580,7731.747
1726998775123,ETHUSDT,bid,2580,7731.747
1726998775222,ETHUSDT,bid,2580,7731.963
1726998775320,ETHUSDT,bid,2580,7732.957
1726998775435,ETHUSDT,bid,2580,7732.841
1726998775530,ETHUSDT,bid,2580,7733.443
1726998775622,ETHUSDT,bid,2580,7732.09
1726998775730,ETHUSDT,bid,2580,7732.09
1726998775843,ETHUSDT,bid,2580,7721.69
1726998775953,ETHUSDT,bid,2580,7721.55
1726998776056,ETHUSDT,bid,2580,7721.551
1726998776358,ETHUSDT,bid,2580,7721.593
1726998776460,ETHUSDT,bid,2580,7721.707
1726998776567,ETHUSDT,bid,2580,7721.728
1726998776877,ETHUSDT,bid,2580,7721.781
1726998777103,ETHUSDT,bid,2580,7722.009
1726998777311,ETHUSDT,bid,2580,7721.789
1726998777418,ETHUSDT,bid,2580,7721.804
1726998777525,ETHUSDT,bid,2580,7721.804
1726998777627,ETHUSDT,bid,2580,7720.265
1726998777749,ETHUSDT,bid,2580,7720.246
1726998777857,ETHUSDT,bid,2580,7720.476
1726998778062,ETHUSDT,bid,2580,7720.446
1726998778163,ETHUSDT,bid,2580,7720.369
1726998778360,ETHUSDT,bid,2580,7720.276
1726998778470,ETHUSDT,bid,2580,7720.307
1726998778885,ETHUSDT,bid,2580,7720.345
1726998778990,ETHUSDT,bid,2580,7720.305
1726998779093,ETHUSDT,bid,2580,7720.244
1726998779188,ETHUSDT,bid,2580,7719.974
1726998779295,ETHUSDT,bid,2580,7719.905
1726998779397,ETHUSDT,bid,2580,7719.442
1726998779497,ETHUSDT,bid,2580,7719.295
1726998779601,ETHUSDT,bid,2580,7719.295
1726998779703,ETHUSDT,bid,2580,7719.295
1726998779804,ETHUSDT,bid,2580,7719.435
1726998779905,ETHUSDT,bid,2580,7719.436
1726998780006,ETHUSDT,bid,2580,7719.436
1726998780107,ETHUSDT,bid,2580,7687.669
1726998780210,ETHUSDT,bid,2580,7687.681
1726998780311,ETHUSDT,bid,2580,7687.423
1726998780412,ETHUSDT,bid,2580,7686.636
1726998780513,ETHUSDT,bid,2580,7686.62
1726998780610,ETHUSDT,bid,2580,7686.632
1726998780821,ETHUSDT,bid,2580,7686.671
1726998780916,ETHUSDT,bid,2580,7686.307
1726998781023,ETHUSDT,bid,2580,7686.394
1726998781119,ETHUSDT,bid,2580,7684.42
1726998781227,ETHUSDT,bid,2580,7684.162
1726998781328,ETHUSDT,bid,2580,7684.287
1726998781427,ETHUSDT,bid,2580,7683.885
1726998781530,ETHUSDT,bid,2580,7668.216
1726998781605,ETHUSDT,bid,2580,7668.217
1726998782052,ETHUSDT,bid,2580,7668.357
1726998782151,ETHUSDT,bid,2580,7668.016
1726998782258,ETHUSDT,bid,2580,7668.016
1726998782370,ETHUSDT,bid,2580,7667.96
1726998782578,ETHUSDT,bid,2580,7667.97
1726998782795,ETHUSDT,bid,2580,7668.024
1726998783003,ETHUSDT,bid,2580,7667.983
1726998783205,ETHUSDT,bid,2580,7668.076
1726998783412,ETHUSDT,bid,2580,7667.579
1726998783506,ETHUSDT,bid,2580,7667.607
1726998783615,ETHUSDT,bid,2580,7667.573
1726998783730,ETHUSDT,bid,2580,7667.604
1726998783922,ETHUSDT,bid,2580,7667.664
1726998784037,ETHUSDT,bid,2580,7667.664
1726998784132,ETHUSDT,bid,2580,7667.804
1726998784246,ETHUSDT,bid,2580,7667.664
1726998784346,ETHUSDT,bid,2580,7667.655
1726998784446,ETHUSDT,bid,2580,7667.637
1726998784537,ETHUSDT,bid,2580,7667.606
1726998784764,ETHUSDT,bid,2580,7667.598
1726998784865,ETHUSDT,bid,2580,7667.639
1726998784968,ETHUSDT,bid,2580,7667.74
1726998785071,ETHUSDT,bid,2580,7667.6
1726998785173,ETHUSDT,bid,2580,7667.798
1726998785492,ETHUSDT,bid,2580,7662.733
1726998785596,ETHUSDT,bid,2580,7662.389
1726998785903,ETHUSDT,bid,2580,7662.342
1726998786006,ETHUSDT,bid,2580,7661.142
1726998786104,ETHUSDT,bid,2580,7661.122
1726998786211,ETHUSDT,bid,2580,7661.898
1726998786416,ETHUSDT,bid,2580,7663.45
1726998787040,ETHUSDT,bid,2580,7664.004
1726998787137,ETHUSDT,bid,2580,7664.018
1726998787237,ETHUSDT,bid,2580,7664.209
1726998787446,ETHUSDT,bid,2580,7469.328
1726998787548,ETHUSDT,bid,2580,7469.344
1726998787853,ETHUSDT,bid,2580,7469.333
1726998788055,ETHUSDT,bid,2580,7469.295
1726998788157,ETHUSDT,bid,2580,7469.353
1726998788569,ETHUSDT,bid,2580,7469.234
1726998788780,ETHUSDT,bid,2580,7468.871
1726998788872,ETHUSDT,bid,2580,7468.92
1726998789095,ETHUSDT,bid,2580,7469.079
1726998789405,ETHUSDT,bid,2580,7468.873
1726998789714,ETHUSDT,bid,2580,7468.801
1726998789931,ETHUSDT,bid,2580,7465.7
1726998790241,ETHUSDT,bid,2580,7465.691
1726998790342,ETHUSDT,bid,2580,7465.769
1726998790445,ETHUSDT,bid,2580,7466.018
1726998790853,ETHUSDT,bid,2580,7466.058
1726998790963,ETHUSDT,bid,2580,7466.019
1726998791275,ETHUSDT,bid,2580,7466.212
1726998791378,ETHUSDT,bid,2580,7466.006
1726998791497,ETHUSDT,bid,2580,7466.037
1726998791597,ETHUSDT,bid,2580,7466.01
1726998791703,ETHUSDT,bid,2580,7465.993
1726998791804,ETHUSDT,bid,2580,7464.836
1726998792007,ETHUSDT,bid,2580,7464.759
1726998792831,ETHUSDT,bid,2580,7445.353
1726998792931,ETHUSDT,bid,2580,7435.37
1726998793236,ETHUSDT,bid,2580,6799.696
1726998793336,ETHUSDT,bid,2580,6784.658
1726998793441,ETHUSDT,bid,2580,6774.468
1726998793545,ETHUSDT,bid,2580,6763.693
1726998793751,ETHUSDT,bid,2580,6762.789
1726998793849,ETHUSDT,bid,2580,6742.093
1726998793956,ETHUSDT,bid,2580,6731.309
1726998794049,ETHUSDT,bid,2580,6720.519
1726998794160,ETHUSDT,bid,2580,6725.259
1726998794262,ETHUSDT,bid,2580,6725.263
1726998794365,ETHUSDT,bid,2580,6725.263
1726998794482,ETHUSDT,bid,2580,6723.186
1726998794588,ETHUSDT,bid,2580,6723.326
1726998794804,ETHUSDT,bid,2580,6723.175
1726998794908,ETHUSDT,bid,2580,6723.175
1726998795012,ETHUSDT,bid,2580,6723.274
1726998795114,ETHUSDT,bid,2580,6723.274
1726998795219,ETHUSDT,bid,2580,6723.482
1726998795321,ETHUSDT,bid,2580,6723.238
1726998795421,ETHUSDT,bid,2580,6723.281
1726998795532,ETHUSDT,bid,2580,6723.281
1726998795631,ETHUSDT,bid,2580,6723.281
1726998795734,ETHUSDT,bid,2580,6723.088
1726998795850,ETHUSDT,bid,2580,6723.228
1726998796055,ETHUSDT,bid,2580,6723.185
1726998796160,ETHUSDT,bid,2580,6723.275
1726998796265,ETHUSDT,bid,2580,6723.247
1726998796469,ETHUSDT,bid,2580,6723.727
1726998796560,ETHUSDT,bid,2580,6723.739
1726998796670,ETHUSDT,bid,2580,6723.239
1726998796777,ETHUSDT,bid,2580,6720.605
1726998796862,ETHUSDT,bid,2580,6720.644
1726998796976,ETHUSDT,bid,2580,6720.738
1726998797096,ETHUSDT,bid,2580,6720.889
1726998797198,ETHUSDT,bid,2580,6720.968
1726998797403,ETHUSDT,bid,2580,6720.777
1726998797505,ETHUSDT,bid,2580,6720.777
1726998797610,ETHUSDT,bid,2580,6720.767
1726998797704,ETHUSDT,bid,2580,6720.767
1726998797816,ETHUSDT,bid,2580,6720.532
1726998798130,ETHUSDT,bid,2580,6720.532
1726998798237,ETHUSDT,bid,2580,6720.509
1726998798340,ETHUSDT,bid,2580,6718.409
1726998798547,ETHUSDT,bid,2580,6718.4
1726998798864,ETHUSDT,bid,2580,6718.44
1726998799083,ETHUSDT,bid,2580,6718.737
1726998799190,ETHUSDT,bid,2580,6718.826
1726998799295,ETHUSDT,bid,2580,6718.845
1726998799390,ETHUSDT,bid,2580,6718.727
1726998799503,ETHUSDT,bid,2580,6718.706
1726998799604,ETHUSDT,bid,2580,6718.562
1726998799704,ETHUSDT,bid,2580,6718.562
1726998799804,ETHUSDT,bid,2580,6718.562
1726998799906,ETHUSDT,bid,2580,6718.675
1726998800011,ETHUSDT,bid,2580,6718.535
1726998800114,ETHUSDT,bid,2580,6718.702
1726998800215,ETHUSDT,bid,2580,6718.713
1726998800317,ETHUSDT,bid,2580,6718.673
1726998800418,ETHUSDT,bid,2580,6718.664
1726998800521,ETHUSDT,bid,2580,6718.607
1726998800623,ETHUSDT,bid,2580,6718.607
1726998800717,ETHUSDT,bid,2580,6718.52
1726998800826,ETHUSDT,bid,2580,6718.573
1726998800930,ETHUSDT,bid,2580,6718.433
1726998801030,ETHUSDT,bid,2580,6718.393
1726998801127,ETHUSDT,bid,2580,6718.393
1726998801242,ETHUSDT,bid,2580,6718.749
1726998801452,ETHUSDT,bid,2580,6718.556
1726998801553,ETHUSDT,bid,2580,6718.16
1726998801773,ETHUSDT,bid,2580,6717.16
1726998801974,ETHUSDT,bid,2580,6717.138
1726998802091,ETHUSDT,bid,2580,6717.15
1726998802188,ETHUSDT,bid,2580,6717.11
1726998802303,ETHUSDT,bid,2580,6717.098
1726998802405,ETHUSDT,bid,2580,6717.13
1726998802504,ETHUSDT,bid,2580,6716.829
1726998802609,ETHUSDT,bid,2580,6716.16
1726998802808,ETHUSDT,bid,2580,6716.21
1726998803025,ETHUSDT,bid,2580,6716.17
1726998803131,ETHUSDT,bid,2580,6715.97
1726998803232,ETHUSDT,bid,2580,6716.274
1726998803334,ETHUSDT,bid,2580,6716.414
1726998803433,ETHUSDT,bid,2580,6716.071
1726998803540,ETHUSDT,bid,2580,6716.28
1726998803651,ETHUSDT,bid,2580,6716.274
1726998803747,ETHUSDT,bid,2580,6716.274
1726998803853,ETHUSDT,bid,2580,6716.274
1726998804075,ETHUSDT,bid,2580,6716.274
1726998804179,ETHUSDT,bid,2580,6716.414
1726998804282,ETHUSDT,bid,2580,6716.441
1726998804374,ETHUSDT,bid,2580,6715.836
1726998804489,ETHUSDT,bid,2580,6715.696
1726998804595,ETHUSDT,bid,2580,6715.884
1726998804695,ETHUSDT,bid,2580,6715.929
1726998804800,ETHUSDT,bid,2580,6716.108
1726998804903,ETHUSDT,bid,2580,6715.968
1726998805005,ETHUSDT,bid,2580,6715.64
1726998805206,ETHUSDT,bid,2580,6715.85
1726998805307,ETHUSDT,bid,2580,6715.617
1726998805409,ETHUSDT,bid,2580,6715.409
1726998806227,ETHUSDT,bid,2580,6715.361
1726998806429,ETHUSDT,bid,2580,6715.349
1726998807082,ETHUSDT,bid,2580,6715.31
1726998807184,ETHUSDT,bid,2580,6715.216
1726998807287,ETHUSDT,bid,2580,6715.01
1726998807386,ETHUSDT,bid,2580,6714.597
1726998807491,ETHUSDT,bid,2580,6714.208
1726998807805,ETHUSDT,bid,2580,6713.998
1726998808417,ETHUSDT,bid,2580,6713.998
1726998808929,ETHUSDT,bid,2580,6713.987
1726998809038,ETHUSDT,bid,2580,6713.935
1726998809444,ETHUSDT,bid,2580,6712.791
1726998809545,ETHUSDT,bid,2580,6712.799
1726998810378,ETHUSDT,bid,2580,6712.775
1726998810968,ETHUSDT,bid,2580,6712.775
1726998811095,ETHUSDT,bid,2580,6712.734
1726998811198,ETHUSDT,bid,2580,6711.334
1726998811404,ETHUSDT,bid,2580,6711.243
1726998812013,ETHUSDT,bid,2580,6710.043
1726998812446,ETHUSDT,bid,2580,6710.035
1726998813049,ETHUSDT,bid,2580,6709.996
1726998813363,ETHUSDT,bid,2580,6709.902
1726998814001,ETHUSDT,bid,2580,6710.102
1726998814930,ETHUSDT,bid,2580,6709.878
1726998815024,ETHUSDT,bid,2580,6711.033
1726998815343,ETHUSDT,bid,2580,6710.943
1726998816475,ETHUSDT,bid,2580,6709.788
1726998816679,ETHUSDT,bid,2580,6709.012
1726998817305,ETHUSDT,bid,2580,6707.46
1726998817610,ETHUSDT,bid,2580,6709.788
1726998818418,ETHUSDT,bid,2580,6710.943
1726998820606,ETHUSDT,bid,2580,6709.788
1726998827101,ETHUSDT,bid,2580,6709.788
1726998828345,ETHUSDT,bid,2580,6709.774
1726998829200,ETHUSDT,bid,2580,6709.784
1726998829806,ETHUSDT,bid,2580,6711.673
1726998829909,ETHUSDT,bid,2580,6709.784
1726998830108,ETHUSDT,bid,2580,6709.774
1726998830428,ETHUSDT,bid,2580,6709.782
1726998832193,ETHUSDT,bid,2580,6709.792
1726998833139,ETHUSDT,bid,2580,6709.782
1726998838198,ETHUSDT,bid,2580,6709.792
1726998838904,ETHUSDT,bid,2580,6709.784
1726998839025,ETHUSDT,bid,2580,6709.792
1726998839130,ETHUSDT,bid,2580,6709.782
1726998840084,ETHUSDT,bid,2580,6709.722
1726998843730,ETHUSDT,bid,2580,6711.614
1726998844039,ETHUSDT,bid,2580,6709.722
1726998844566,ETHUSDT,bid,2580,6709.722
1726998845191,ETHUSDT,bid,2580,6710.775
1726998846205,ETHUSDT,bid,2580,6710.285
1726998846922,ETHUSDT,bid,2580,6711.185
1726998850060,ETHUSDT,bid,2580,6711.185
1726998851297,ETHUSDT,bid,2580,6710.622
1726998852433,ETHUSDT,bid,2580,6709.722
1726998856512,ETHUSDT,bid,2580,6709.714
1726998861200,ETHUSDT,bid,2580,6709.704
1726998861504,ETHUSDT,bid,2580,6709.712
1726998862145,ETHUSDT,bid,2580,6709.704
1726998865374,ETHUSDT,bid,2580,6709.854
1726998878546,ETHUSDT,bid,2580,6707.526
1726998878745,ETHUSDT,bid,2580,6707.376
1726998879053,ETHUSDT,bid,2580,6712.376
1726998881840,ETHUSDT,bid,2580,6712.39
1726998881944,ETHUSDT,bid,2580,6712.376
1726998882047,ETHUSDT,bid,2580,6712.39
1726998882149,ETHUSDT,bid,2580,6712.389
1726998882254,ETHUSDT,bid,2580,6712.389
1726998882357,ETHUSDT,bid,2580,6712.389
1726998882457,ETHUSDT,bid,2580,6712.376
1726998882661,ETHUSDT,bid,2580,6712.238
1726998882762,ETHUSDT,bid,2580,6712.163
1726998882856,ETHUSDT,bid,2580,6712.163
1726998882944,ETHUSDT,bid,2580,6712.244
1726998883070,ETHUSDT,bid,2580,6712.26
1726998883171,ETHUSDT,bid,2580,6712.246
1726998883273,ETHUSDT,bid,2580,6712.246
1726998883484,ETHUSDT,bid,2580,6710.246
1726998883692,ETHUSDT,bid,2580,6520.358
1726998883791,ETHUSDT,bid,2580,6519.344
1726998883890,ETHUSDT,bid,2580,6519.526
1726998884203,ETHUSDT,bid,2580,6519.526
1726998884305,ETHUSDT,bid,2580,6519.829
1726998884409,ETHUSDT,bid,2580,6519.667
1726998884510,ETHUSDT,bid,2580,6519.667
1726998884817,ETHUSDT,bid,2580,6519.65
1726998884917,ETHUSDT,bid,2580,6519.707
1726998885129,ETHUSDT,bid,2580,6519.716
1726998885232,ETHUSDT,bid,2580,6519.639
1726998885333,ETHUSDT,bid,2580,6520.592
1726998885438,ETHUSDT,bid,2580,6520.624
1726998885634,ETHUSDT,bid,2580,6520.624
1726998885780,ETHUSDT,bid,2580,6520.725
1726998885875,ETHUSDT,bid,2580,6520.736
1726998886190,ETHUSDT,bid,2580,6522.128
1726998886302,ETHUSDT,bid,2580,6522.801
1726998886404,ETHUSDT,bid,2580,6522.811
1726998886507,ETHUSDT,bid,2580,6522.758
1726998886608,ETHUSDT,bid,2580,6512.758
1726998886917,ETHUSDT,bid,2580,6512.816
1726998887136,ETHUSDT,bid,2580,6512.806
1726998887245,ETHUSDT,bid,2580,6512.798
1726998887350,ETHUSDT,bid,2580,6512.79
1726998887446,ETHUSDT,bid,2580,6512.686
1726998887792,ETHUSDT,bid,2580,6512.893
1726998887893,ETHUSDT,bid,2580,6512.88
1726998888200,ETHUSDT,bid,2580,6512.749
1726998888305,ETHUSDT,bid,2580,6513.189
1726998888407,ETHUSDT,bid,2580,6361.284
1726998888614,ETHUSDT,bid,2580,6361.24
1726998888718,ETHUSDT,bid,2580,6361.24
1726998888923,ETHUSDT,bid,2580,6359.395
1726998889025,ETHUSDT,bid,2580,6382.65
1726998889131,ETHUSDT,bid,2580,6382.503
1726998889229,ETHUSDT,bid,2580,6382.503
1726998889336,ETHUSDT,bid,2580,6380.542
1726998889447,ETHUSDT,bid,2580,6383.234
1726998889545,ETHUSDT,bid,2580,6380.674
1726998889660,ETHUSDT,bid,2580,6380.674
1726998889762,ETHUSDT,bid,2580,6380.43
1726998889966,ETHUSDT,bid,2580,6378.945
1726998890171,ETHUSDT,bid,2580,6378.98
1726998890274,ETHUSDT,bid,2580,6379.29
1726998890379,ETHUSDT,bid,2580,6379.603
1726998890459,ETHUSDT,bid,2580,6379.479
1726998890570,ETHUSDT,bid,2580,6379.479
1726998890684,ETHUSDT,bid,2580,6379.634
1726998890792,ETHUSDT,bid,2580,6381.359
1726998890892,ETHUSDT,bid,2580,6381.375
1726998890994,ETHUSDT,bid,2580,6381.112
1726998891097,ETHUSDT,bid,2580,6380.284
1726998891196,ETHUSDT,bid,2580,6377.275
1726998891299,ETHUSDT,bid,2580,6375.703
1726998891402,ETHUSDT,bid,2580,6376.19
1726998891605,ETHUSDT,bid,2580,6376.19
1726998891711,ETHUSDT,bid,2580,6376.201
1726998891815,ETHUSDT,bid,2580,6376.195
1726998892026,ETHUSDT,bid,2580,6375.815
1726998892120,ETHUSDT,bid,2580,6375.439
1726998892222,ETHUSDT,bid,2580,6375.43
1726998892331,ETHUSDT,bid,2580,6374.121
1726998892429,ETHUSDT,bid,2580,6374.121
1726998892654,ETHUSDT,bid,2580,6253.118
1726998892754,ETHUSDT,bid,2580,6251.599
1726998892847,ETHUSDT,bid,2580,6251.266
1726998892957,ETHUSDT,bid,2580,6251.32
1726998893160,ETHUSDT,bid,2580,6241.267
1726998893255,ETHUSDT,bid,2580,6241.019
1726998893361,ETHUSDT,bid,2580,6240.951
1726998893560,ETHUSDT,bid,2580,6221.767
1726998893766,ETHUSDT,bid,2580,6142.246
1726998893866,ETHUSDT,bid,2580,6121.466
1726998893979,ETHUSDT,bid,2580,6121.466
1726998894085,ETHUSDT,bid,2580,6122.879
1726998894184,ETHUSDT,bid,2580,6122.881
1726998894283,ETHUSDT,bid,2580,6123.191
1726998894392,ETHUSDT,bid,2580,6123.21
1726998894490,ETHUSDT,bid,2580,6122.916
1726998894803,ETHUSDT,bid,2580,6122.818
1726998894904,ETHUSDT,bid,2580,6122.873
1726998895110,ETHUSDT,bid,2580,6115.815
1726998895210,ETHUSDT,bid,2580,6105.529
1726998895306,ETHUSDT,bid,2580,6105.456
1726998895420,ETHUSDT,bid,2580,6092.874
1726998895519,ETHUSDT,bid,2580,6092.829
1726998895623,ETHUSDT,bid,2580,5914.909
1726998895823,ETHUSDT,bid,2580,5898.36
1726998895930,ETHUSDT,bid,2580,5888.056
1726998896148,ETHUSDT,bid,2580,5878.045
1726998896261,ETHUSDT,bid,2580,5867.949
1726998896372,ETHUSDT,bid,2580,5867.996
1726998896480,ETHUSDT,bid,2580,5857.663
1726998896591,ETHUSDT,bid,2580,5857.567
1726998896692,ETHUSDT,bid,2580,5846.557
1726998896791,ETHUSDT,bid,2580,5836.557
1726998896902,ETHUSDT,bid,2580,5826.612
1726998897002,ETHUSDT,bid,2580,5816.01
1726998897104,ETHUSDT,bid,2580,5815.952
1726998897205,ETHUSDT,bid,2580,5805.936
1726998897310,ETHUSDT,bid,2580,5805.371
1726998897414,ETHUSDT,bid,2580,5795.223
1726998897617,ETHUSDT,bid,2580,5186.398
1726998897718,ETHUSDT,bid,2580,5186.359
1726998897818,ETHUSDT,bid,2580,5186.581
1726998897921,ETHUSDT,bid,2580,5186.484
1726998898135,ETHUSDT,bid,2580,4941.253
1726998898237,ETHUSDT,bid,2580,4940.577
1726998898335,ETHUSDT,bid,2580,4762.849
1726998898441,ETHUSDT,bid,2580,4762.391
1726998898544,ETHUSDT,bid,2580,4762.11
1726998898638,ETHUSDT,bid,2580,4755.953
1726998898749,ETHUSDT,bid,2580,4755.803
1726998898953,ETHUSDT,bid,2580,4755.856
1726998899056,ETHUSDT,bid,2580,4755.792
1726998899153,ETHUSDT,bid,2580,4755.205
1726998899261,ETHUSDT,bid,2580,4755.152
1726998899465,ETHUSDT,bid,2580,4755.161
1726998899567,ETHUSDT,bid,2580,4755.074
1726998899671,ETHUSDT,bid,2580,4755.074
1726998899877,ETHUSDT,bid,2580,4750.522
1726998899982,ETHUSDT,bid,2580,4750.329
1726998900083,ETHUSDT,bid,2580,4750.318
1726998900184,ETHUSDT,bid,2580,4754.023
1726998900287,ETHUSDT,bid,2580,4753.316
1726998900389,ETHUSDT,bid,2580,4753.413
1726998900490,ETHUSDT,bid,2580,4753.135
1726998900588,ETHUSDT,bid,2580,4753.217
1726998900693,ETHUSDT,bid,2580,4752.717
1726998900803,ETHUSDT,bid,2580,4752.771
1726998900905,ETHUSDT,bid,2580,4752.07
1726998901008,ETHUSDT,bid,2580,4751.832
1726998901106,ETHUSDT,bid,2580,4751.808
1726998901424,ETHUSDT,bid,2580,4751.925
1726998901525,ETHUSDT,bid,2580,4751.727
1726998901731,ETHUSDT,bid,2580,4751.867
1726998901835,ETHUSDT,bid,2580,4751.867
1726998901936,ETHUSDT,bid,2580,4751.727
1726998902037,ETHUSDT,bid,2580,4751.612
1726998902133,ETHUSDT,bid,2580,4751.593
1726998902243,ETHUSDT,bid,2580,4751.718
1726999574123,ETHUSDT,bid,2420,4232.133
1726999807113,ETHUSDT,bid,2490,4102.229
1727000016135,ETHUSDT,bid,2420,4234.069
1727000056985,ETHUSDT,bid,2420,4234.369
1727000213182,ETHUSDT,bid,2030,5063.665
1727000571088,ETHUSDT,bid,2420,4233.364
1727000706101,ETHUSDT,bid,1950,5472.711
1727000903220,ETHUSDT,bid,1740,5778.335
1727001000582,ETHUSDT,bid,2490,4102.919
1727001300536,ETHUSDT,bid,2420,4233.614
1727001411386,ETHUSDT,bid,1740,5778.319
1727001443690,ETHUSDT,bid,2420,4233.364
1727001457719,ETHUSDT,bid,1950,5472.756
1727001647007,ETHUSDT,bid,2490,4102.649
1727001900159,ETHUSDT,bid,2490,4101.959
1727001942906,ETHUSDT,bid,2460,4190.273
1727002083073,ETHUSDT,bid,2430,4119.271
1727002152342,ETHUSDT,bid,2460,4190.374
1727002181973,ETHUSDT,bid,2490,4141.975
1727002482233,ETHUSDT,bid,2490,4101.959
1727002841338,ETHUSDT,bid,2490,4103.499
1727003096418,ETHUSDT,bid,2490,4107.464
1727003376418,ETHUSDT,bid,2490,4107.454
1727003726026,ETHUSDT,bid,2490,4107.488
1727003736019,ETHUSDT,bid,2490,4107.471
1727003737060,ETHUSDT,bid,2490,4107.454
1727004204207,ETHUSDT,bid,2490,4109.457
1727004520519,ETHUSDT,bid,1740,5779.319
1727004790580,ETHUSDT,bid,1700,6022.981
1727004790580,ETHUSDT,bid,2220,4574.366
1727004790580,ETHUSDT,bid,2420,4233.397
1727005157567,ETHUSDT,bid,2460,4189.524
1727005851379,ETHUSDT,bid,2580,10015.365
1727005851580,ETHUSDT,bid,2580,10014.009
1727005851784,ETHUSDT,bid,2580,10001.639
1727005852398,ETHUSDT,bid,2580,10007.443
1727005854056,ETHUSDT,bid,2580,10007.443
1727005858290,ETHUSDT,bid,2580,10001.639
1727005860031,ETHUSDT,bid,2580,10019.745
1727005860132,ETHUSDT,bid,2580,10001.639
1727005861053,ETHUSDT,bid,2580,10019.745
1727005861156,ETHUSDT,bid,2580,10001.639
1727005862105,ETHUSDT,bid,2580,10001.639
1727005864091,ETHUSDT,bid,2580,10001.639
1727005872369,ETHUSDT,bid,2580,10001.652
1727005881578,ETHUSDT,bid,2580,10001.962
1727006444079,ETHUSDT,bid,2490,4108.457
1727006576507,ETHUSDT,bid,2420,4233.684
1727006661159,ETHUSDT,bid,2420,4233.397
1727006829336,ETHUSDT,bid,2460,4189.54
1727007299388,ETHUSDT,bid,1710,5867.542
1727007299388,ETHUSDT,bid,1960,5176.357
1727007501909,ETHUSDT,bid,2460,4189.439
1727007818587,ETHUSDT,bid,2420,4233.441
1727007897015,ETHUSDT,bid,2460,4187.643
1727008880979,ETHUSDT,bid,2420,4233.455
1727009970869,ETHUSDT,bid,2420,4233.325
1727010217501,ETHUSDT,bid,2420,4233.374
1727010342703,ETHUSDT,bid,2430,4119.496
1727010862486,ETHUSDT,bid,2430,4119.271
1727010900410,ETHUSDT,bid,2490,4109.147
1727011547392,ETHUSDT,bid,2420,4231.725
1727011800377,ETHUSDT,bid,2490,4108.457
1727011893745,ETHUSDT,bid,2460,4187.627
1727012048202,ETHUSDT,bid,2420,4231.676
1727012155604,ETHUSDT,bid,2220,4573.816
1727012227765,ETHUSDT,bid,2490,4108.51
1727012642801,ETHUSDT,ask,2580,6165.673
1727012663532,ETHUSDT,ask,2580,6065.673
1727012676137,ETHUSDT,ask,2580,6067.673
1727012677049,ETHUSDT,ask,2580,6065.673
1727012686766,ETHUSDT,ask,2580,6067.673
1727012687697,ETHUSDT,ask,2580,6065.673
1727012690451,ETHUSDT,ask,2580,6067.673
1727012693557,ETHUSDT,ask,2580,6065.673
1727012696151,ETHUSDT,ask,2580,6067.673
1727012699470,ETHUSDT,ask,2580,6065.673
1727012704897,ETHUSDT,ask,2580,6067.673
1727012707045,ETHUSDT,ask,2580,6065.673
1727012710218,ETHUSDT,ask,2580,6067.673
1727012714541,ETHUSDT,ask,2580,6065.673
1727012715564,ETHUSDT,ask,2580,6067.673
1727012716792,ETHUSDT,ask,2580,6065.673
1727012721287,ETHUSDT,ask,2580,6067.673
1727012722342,ETHUSDT,ask,2580,6065.673
1727012727381,ETHUSDT,ask,2580,6065.673
1727012730268,ETHUSDT,ask,2580,6067.673
1727012731697,ETHUSDT,ask,2580,6067.702
1727012733951,ETHUSDT,ask,2580,6065.702
1727012736105,ETHUSDT,ask,2580,6067.702
1727012743167,ETHUSDT,ask,2580,6067.702
1727012744399,ETHUSDT,ask,2580,6065.702
1727012751468,ETHUSDT,ask,2580,6067.702
1727012752596,ETHUSDT,ask,2580,6065.702
1727012754698,ETHUSDT,ask,2580,6067.702
1727012755818,ETHUSDT,ask,2580,6065.702
1727012766302,ETHUSDT,ask,2580,6067.702
1727012767312,ETHUSDT,ask,2580,6065.702
1727012768766,ETHUSDT,ask,2580,6067.702
1727012776950,ETHUSDT,ask,2580,6065.702
1727012780114,ETHUSDT,ask,2580,6065.702
1727012840467,ETHUSDT,bid,2220,4573.829
1727012840467,ETHUSDT,bid,2420,4231.689
1727012907897,ETHUSDT,ask,2580,6065.117
1727013017748,ETHUSDT,ask,2580,6065.127
1727013041996,ETHUSDT,ask,2580,6065.127
1727013082930,ETHUSDT,ask,2580,6065.127
1727013094008,ETHUSDT,ask,2580,6065.474
1727013097516,ETHUSDT,ask,2580,6065.464
1727013100290,ETHUSDT,ask,2580,6065.464
1727013101004,ETHUSDT,bid,2220,4573.928
1727013133247,ETHUSDT,ask,2580,6065.474
1727013136009,ETHUSDT,ask,2580,6065.464
1727013137769,ETHUSDT,ask,2580,6065.474
1727013198566,ETHUSDT,bid,2420,4231.761
1727013264266,ETHUSDT,bid,2490,4110.51
1727013284541,ETHUSDT,ask,2580,6067.664
1727013308232,ETHUSDT,ask,2580,6067.674
1727013503411,ETHUSDT,ask,2580,6067.664
1727013631360,ETHUSDT,ask,2580,6065.538
1727013738212,ETHUSDT,ask,2580,6065.538
1727013739434,ETHUSDT,ask,2580,6065.528
1727013739641,ETHUSDT,ask,2990,3441.555
1727013796495,ETHUSDT,bid,1960,5176.534
1727013806106,ETHUSDT,bid,2030,5063.608
1727013821249,ETHUSDT,ask,2580,6067.528
1727013823231,ETHUSDT,ask,2580,6065.528
1727013824367,ETHUSDT,ask,2580,6067.528
1727013825380,ETHUSDT,ask,2580,6065.528
1727013825906,ETHUSDT,ask,2580,6067.528
1727013827439,ETHUSDT,ask,2580,6065.528
1727013830608,ETHUSDT,ask,2580,6067.528
1727013832752,ETHUSDT,ask,2580,6065.528
1727013833775,ETHUSDT,ask,2580,6067.528
1727013835513,ETHUSDT,ask,2580,6065.528
1727013836547,ETHUSDT,ask,2580,6067.528
1727013848275,ETHUSDT,ask,2580,6065.528
1727013849605,ETHUSDT,ask,2580,6067.528
1727013850330,ETHUSDT,ask,2580,6065.528
1727013851246,ETHUSDT,ask,2580,6067.528
1727013851761,ETHUSDT,ask,2580,6065.528
1727013941659,ETHUSDT,ask,2580,6064.987
1727013944829,ETHUSDT,bid,2030,5063.709
1727013984907,ETHUSDT,ask,2580,6063.912
1727014010176,ETHUSDT,ask,2580,6065.174
1727014016462,ETHUSDT,bid,2420,4234.761
1727014030221,ETHUSDT,bid,2420,4236.761
1727014046806,ETHUSDT,bid,2420,4237.761
1727014054183,ETHUSDT,bid,2420,4239.761
1727014064023,ETHUSDT,bid,2420,4240.846
1727014078690,ETHUSDT,bid,2420,4242.618
1727014079706,ETHUSDT,bid,2420,4243.695
1727014096561,ETHUSDT,bid,2490,4106.545
1727014136465,ETHUSDT,bid,2420,4242.695
1727014142893,ETHUSDT,bid,2420,4244.695
1727014148639,ETHUSDT,bid,2420,4242.923
1727014152013,ETHUSDT,bid,2420,4243.384
1727014156849,ETHUSDT,bid,2420,4244.713
1727014159594,ETHUSDT,bid,2560,8209.982
1727014162474,ETHUSDT,bid,2560,8218.064
1727014162786,ETHUSDT,bid,2560,8210.882
1727014163096,ETHUSDT,bid,2560,8213.63
1727014163198,ETHUSDT,bid,2560,8218.964
1727014163703,ETHUSDT,bid,2560,8210.882
1727014164216,ETHUSDT,bid,2560,8226.488
1727014180937,ETHUSDT,bid,2460,4187.727
1727014181543,ETHUSDT,bid,2560,5138.399
1727014183059,ETHUSDT,bid,2560,5141.115
1727014183163,ETHUSDT,bid,2560,5139.724
1727014183569,ETHUSDT,bid,2560,5141.115
1727014183979,ETHUSDT,bid,2560,5144.098
1727014184079,ETHUSDT,bid,2560,5139.898
1727014184283,ETHUSDT,bid,2560,5139.8
1727014184499,ETHUSDT,bid,2560,5139.898
1727014184602,ETHUSDT,bid,2560,5150.494
1727014184706,ETHUSDT,bid,2560,5150.396
1727014184807,ETHUSDT,bid,2560,5139.8
1727014185110,ETHUSDT,bid,2560,5139.724
1727014187762,ETHUSDT,bid,2420,4252.213
1727014217714,ETHUSDT,bid,2560,9465.173
1727014238176,ETHUSDT,ask,2580,6066.333
1727014240932,ETHUSDT,bid,1960,5174.414
1727014253616,ETHUSDT,bid,2570,8322.619
1727014254430,ETHUSDT,bid,2420,4251.136
1727014255542,ETHUSDT,bid,2570,8316.787
1727014256156,ETHUSDT,bid,2570,8316.787
1727014257998,ETHUSDT,bid,2420,4451.136
1727014270970,ETHUSDT,bid,2420,4452.753
1727014298178,ETHUSDT,ask,2580,6063.412
1727014307215,ETHUSDT,bid,2490,4102.539
1727014310403,ETHUSDT,ask,2990,3450.534
1727014321678,ETHUSDT,bid,2420,4453.311
1727014340373,ETHUSDT,ask,2580,6064.826
1727014354778,ETHUSDT,ask,2580,6064.472
1727014358702,ETHUSDT,bid,2420,4453.539
1727014367280,ETHUSDT,bid,2420,4454.339
1727014380656,ETHUSDT,ask,2580,6065.022
1727014389965,ETHUSDT,bid,2420,4457.339
1727014401563,ETHUSDT,bid,2420,4462.188
1727014427560,ETHUSDT,ask,2580,6065.06
1727014448937,ETHUSDT,bid,2420,4464.249
1727014504647,ETHUSDT,ask,2580,6065.141
1727014505261,ETHUSDT,bid,2420,4467.249
1727014581574,ETHUSDT,ask,2580,6070.891
1727014607760,ETHUSDT,ask,2580,6070.341
1727014640174,ETHUSDT,ask,2580,6070.444
1727014658924,ETHUSDT,ask,2580,6070.341
1727014664990,ETHUSDT,ask,2580,6070.841
1727014714715,ETHUSDT,ask,2580,6065.291
1727014726155,ETHUSDT,ask,2580,6065.21
1727014738104,ETHUSDT,ask,2580,6065.22
1727014744976,ETHUSDT,bid,2420,4467.749
1727014754853,ETHUSDT,bid,2430,4119.471
1727014779103,ETHUSDT,ask,2580,6067.21
1727014780334,ETHUSDT,ask,2580,6065.21
1727014781258,ETHUSDT,ask,2580,6067.21
1727014781768,ETHUSDT,ask,2580,6065.21
1727014784016,ETHUSDT,ask,2580,6067.21
1727014784946,ETHUSDT,ask,2580,6065.21
1727014788690,ETHUSDT,ask,2580,6067.21
1727014789201,ETHUSDT,ask,2580,6065.21
1727014803652,ETHUSDT,ask,2580,6065.181
1727014808586,ETHUSDT,ask,2580,6065.57
1727014813510,ETHUSDT,ask,2580,6065.181
1727014840292,ETHUSDT,ask,2580,6065.191
1727014842638,ETHUSDT,ask,2580,6065.181
1727014883016,ETHUSDT,bid,2420,4468.749
1727015124373,ETHUSDT,bid,2420,4468.626
1727015242643,ETHUSDT,ask,2580,6065.2
1727015259779,ETHUSDT,bid,2420,4472.749
1727015362399,ETHUSDT,bid,2420,4474.749
1727015366301,ETHUSDT,bid,2460,4187.737
1727015366605,ETHUSDT,bid,2460,4187.757
1727015367019,ETHUSDT,bid,2460,4187.767
1727015367114,ETHUSDT,bid,2460,4187.777
1727015367424,ETHUSDT,bid,2460,4187.787
1727015367942,ETHUSDT,bid,2460,4187.797
1727015368890,ETHUSDT,bid,2460,4187.807
1727015369405,ETHUSDT,bid,2460,4187.827
1727015369922,ETHUSDT,bid,2460,4187.837
1727015370027,ETHUSDT,bid,2460,4187.847
1727015371853,ETHUSDT,bid,2460,4187.837
1727015415629,ETHUSDT,bid,2460,4187.827
1727015415833,ETHUSDT,bid,2460,4187.817
1727015416446,ETHUSDT,bid,2460,4187.807
1727015417159,ETHUSDT,bid,2460,4187.797
1727015418914,ETHUSDT,bid,2460,4187.787
1727015419427,ETHUSDT,bid,2460,4187.777
1727015441021,ETHUSDT,ask,2580,6066.2
1727015473051,ETHUSDT,bid,2420,4475.249
1727015488475,ETHUSDT,bid,2490,4172.539
1727015496393,ETHUSDT,bid,2490,4102.539
1727015543840,ETHUSDT,ask,2560,10016.802
1727015544141,ETHUSDT,ask,2560,10016.802
1727015545050,ETHUSDT,ask,2560,10034.908
1727015545162,ETHUSDT,ask,2560,10016.802
1727015553697,ETHUSDT,ask,2560,10017.302
1727015555949,ETHUSDT,ask,2560,10021.023
1727015556050,ETHUSDT,ask,2560,10038.314
1727015556153,ETHUSDT,ask,2560,10020.208
1727015556865,ETHUSDT,ask,2560,10020.217
1727015583470,ETHUSDT,bid,2490,4102.486
1727015672281,ETHUSDT,bid,2030,5063.608
1727015676159,ETHUSDT,bid,2430,4119.721
1727015690971,ETHUSDT,bid,2420,4474.167
1727015697628,ETHUSDT,ask,2580,6066.2
1727015769356,ETHUSDT,bid,2420,4469.318
1727015787405,ETHUSDT,ask,2580,6066.287
1727015817410,ETHUSDT,bid,2420,4471.318
1727015830233,ETHUSDT,bid,2420,4473.767
1727015850568,ETHUSDT,bid,2420,4475.004
1727015875334,ETHUSDT,bid,2220,4574.928
1727015913554,ETHUSDT,ask,2580,6066.507
1727015930541,ETHUSDT,ask,2580,6066.287
1727015978036,ETHUSDT,bid,2420,4476.004
1727016137810,ETHUSDT,bid,2490,4104.489
1727016163199,ETHUSDT,bid,2490,4104.499
1727016209141,ETHUSDT,ask,2560,10014.358
1727016211085,ETHUSDT,ask,2560,10014.438
1727016212112,ETHUSDT,ask,2560,10014.438
1727016213033,ETHUSDT,ask,2560,10032.544
1727016213134,ETHUSDT,ask,2560,10014.438
1727016213543,ETHUSDT,ask,2560,10015.344
1727016215087,ETHUSDT,ask,2560,10015.344
1727016215292,ETHUSDT,ask,2560,10015.264
1727016223103,ETHUSDT,ask,2560,10015.264
1727016223524,ETHUSDT,ask,2560,10018.264
1727016224030,ETHUSDT,ask,2560,10036.37
1727016224135,ETHUSDT,ask,2560,10018.264
1727016225054,ETHUSDT,ask,2560,10018.264
1727016226079,ETHUSDT,ask,2560,10018.264
1727016227009,ETHUSDT,ask,2560,10018.312
1727016289412,ETHUSDT,ask,2580,6073.045
1727016291460,ETHUSDT,bid,2460,4189.808
1727016309905,ETHUSDT,ask,2580,6073.037
1727016368468,ETHUSDT,ask,2580,6073.23
1727016382372,ETHUSDT,ask,2580,6073.304
1727016424567,ETHUSDT,bid,2490,4104.489
1727016455918,ETHUSDT,ask,2580,6087.546
1727016499357,ETHUSDT,bid,2420,4481.004
1727016727121,ETHUSDT,bid,2420,4482.504
1727016727425,ETHUSDT,bid,2490,4121.489
1727016736385,ETHUSDT,bid,2460,4189.818
1727016778929,ETHUSDT,bid,2420,4484.004
1727016856586,ETHUSDT,bid,2460,4189.828
1727016857405,ETHUSDT,bid,2460,4189.838
1727016857614,ETHUSDT,bid,2460,4189.848
1727016857930,ETHUSDT,bid,2460,4189.858
1727016858474,ETHUSDT,bid,2460,4189.868
1727016858602,ETHUSDT,bid,2460,4189.878
1727016858806,ETHUSDT,bid,2460,4189.888
1727016859018,ETHUSDT,bid,2460,4189.908
1727016859250,ETHUSDT,bid,2460,4189.918
1727016902235,ETHUSDT,ask,2580,6090.476
1727016913526,ETHUSDT,bid,2460,4189.908
1727016918368,ETHUSDT,bid,2460,4189.898
1727016918569,ETHUSDT,bid,2460,4189.888
1727016919592,ETHUSDT,bid,2460,4189.878
1727016919779,ETHUSDT,bid,2460,4189.868
1727016920304,ETHUSDT,bid,2460,4189.858
1727016920514,ETHUSDT,bid,2460,4189.848
1727016933014,ETHUSDT,bid,2490,4121.62
1727016991509,ETHUSDT,bid,2420,4484.416
1727017019616,ETHUSDT,bid,2420,4482.916
1727017057934,ETHUSDT,bid,2560,9075.218
1727017058862,ETHUSDT,bid,2560,9075.232
1727017059064,ETHUSDT,bid,2560,9075.232
1727017059569,ETHUSDT,bid,2560,9075.232
1727017060282,ETHUSDT,bid,2560,9075.712
1727017060382,ETHUSDT,bid,2560,9076.024
1727017062435,ETHUSDT,bid,2560,9078.535
1727017063267,ETHUSDT,bid,2560,9078.739
1727017063787,ETHUSDT,bid,2460,4189.786
1727017067220,ETHUSDT,bid,2560,9081.951
1727017067755,ETHUSDT,bid,2560,9081.639
1727017068270,ETHUSDT,bid,2560,9081.435
1727017068994,ETHUSDT,bid,2560,9081.635
1727017072026,ETHUSDT,bid,2560,9099.741
1727017072146,ETHUSDT,bid,2560,9081.635
1727017178761,ETHUSDT,bid,2490,4121.526
1727017214631,ETHUSDT,ask,2580,6090.486
1727017315705,ETHUSDT,ask,2580,6090.652
1727017365751,ETHUSDT,bid,2420,4483.74
1727017495982,ETHUSDT,bid,2560,9011.191
1727017496083,ETHUSDT,bid,2560,9011.461
1727017496397,ETHUSDT,bid,2560,9011.261
1727017496497,ETHUSDT,bid,2560,9011.459
1727017496598,ETHUSDT,bid,2560,9010.559
1727017496702,ETHUSDT,bid,2560,9010.601
1727017497107,ETHUSDT,bid,2560,9010.601
1727017497107,ETHUSDT,ask,2580,6090.662
1727017497615,ETHUSDT,bid,2560,9003.044
1727017497919,ETHUSDT,bid,2560,9002.644
1727017497919,ETHUSDT,ask,2580,6090.652
1727017498019,ETHUSDT,bid,2560,9020.75
1727017498121,ETHUSDT,bid,2560,9002.644
1727017499047,ETHUSDT,bid,2560,9020.75
1727017499134,ETHUSDT,bid,2560,9002.644
1727017499487,ETHUSDT,bid,2560,9002.619
1727017619060,ETHUSDT,ask,2580,6090.662
1727017709589,ETHUSDT,ask,2580,6090.698
1727017711645,ETHUSDT,ask,2580,6092.698
1727017739713,ETHUSDT,bid,2490,4121.542
1727017739713,ETHUSDT,ask,2580,6092.714
1727017819603,ETHUSDT,ask,2580,6092.726
1727017839566,ETHUSDT,bid,2420,4483.749
1727017910066,ETHUSDT,ask,2580,6092.714
1727017989814,ETHUSDT,bid,2420,4484.049
1727018077423,ETHUSDT,bid,2460,4189.962
1727018080818,ETHUSDT,bid,2420,4483.749
1727018089914,ETHUSDT,bid,2420,4484.049
1727018115481,ETHUSDT,ask,2580,6092.714
1727018152587,ETHUSDT,bid,2560,9004.22
1727018152993,ETHUSDT,bid,2420,4483.749
1727018152993,ETHUSDT,bid,2560,9005.22
1727018153103,ETHUSDT,bid,2560,9005.22
1727018154032,ETHUSDT,bid,2560,9023.326
1727018154135,ETHUSDT,bid,2560,9004.22
1727018155068,ETHUSDT,bid,2560,9004.22
1727018155281,ETHUSDT,bid,2560,9005.22
1727018156102,ETHUSDT,bid,2560,9005.22
1727018156514,ETHUSDT,bid,2560,9004.911
1727018156724,ETHUSDT,bid,2560,9003.911
1727018157033,ETHUSDT,bid,2560,9022.017
1727018157141,ETHUSDT,bid,2560,9026.979
1727018157761,ETHUSDT,bid,2420,4484.349
1727018157867,ETHUSDT,bid,2560,9003.599
1727018158065,ETHUSDT,bid,2560,9003.599
1727018159105,ETHUSDT,bid,2560,9003.599
1727018160633,ETHUSDT,bid,2560,9003.624
1727018163119,ETHUSDT,bid,2560,9003.599
1727018166970,ETHUSDT,bid,2560,9001.218
1727018169323,ETHUSDT,bid,2560,9001.243
1727018170133,ETHUSDT,bid,2560,9001.218
1727018171803,ETHUSDT,bid,2560,9007.051
1727018171904,ETHUSDT,bid,2560,9001.218
1727018178330,ETHUSDT,bid,2560,9001.243
1727018180000,ETHUSDT,bid,2560,9001.251
1727018180404,ETHUSDT,bid,2560,9001.259
1727018180818,ETHUSDT,bid,2560,9001.275
1727018182061,ETHUSDT,bid,2560,9001.267
1727018182571,ETHUSDT,bid,2560,9001.251
1727018182787,ETHUSDT,bid,2560,9001.243
1727018182996,ETHUSDT,bid,2420,4483.749
1727018184127,ETHUSDT,bid,2560,9001.218
1727018185142,ETHUSDT,bid,2560,9019.197
1727018185243,ETHUSDT,bid,2560,9019.977
1727018186062,ETHUSDT,bid,2560,9001.998
1727018187317,ETHUSDT,bid,2560,9002.023
1727018191146,ETHUSDT,bid,2560,9001.998
1727018191802,ETHUSDT,bid,1960,5174.817
1727018192308,ETHUSDT,bid,2560,9002.023
1727018193124,ETHUSDT,bid,2560,9001.998
1727018194279,ETHUSDT,bid,2560,9002.023
1727018197153,ETHUSDT,bid,2560,9001.998
1727018199334,ETHUSDT,bid,2560,9002.023
1727018201505,ETHUSDT,bid,2560,9002.244
1727018202037,ETHUSDT,bid,2560,9045.288
1727018202138,ETHUSDT,bid,2560,9027.182
1727018202240,ETHUSDT,bid,2560,9002.244
1727018203089,ETHUSDT,bid,2560,9002.244
1727018203902,ETHUSDT,bid,2560,9002.98
1727018204105,ETHUSDT,bid,2560,9002.98
1727018205022,ETHUSDT,bid,2560,9021.086
1727018205123,ETHUSDT,bid,2560,9002.98
1727018205736,ETHUSDT,bid,2560,9004.58
1727018205837,ETHUSDT,bid,2560,9031.109
1727018205938,ETHUSDT,bid,2560,9027.087
1727018206039,ETHUSDT,bid,2560,9045.193
1727018206140,ETHUSDT,bid,2560,9027.087
1727018206355,ETHUSDT,bid,2560,9027.587
1727018206663,ETHUSDT,bid,2560,9002.069
1727018206764,ETHUSDT,bid,2560,9002.969
1727018206863,ETHUSDT,bid,2560,9002.949
1727018207482,ETHUSDT,bid,2560,9004.505
1727018208205,ETHUSDT,bid,2560,9030.261
1727018208307,ETHUSDT,bid,2560,9004.505
1727018209047,ETHUSDT,bid,2560,9028.83
1727018209886,ETHUSDT,bid,2560,9030.776
1727018209984,ETHUSDT,bid,2560,9006.451
1727018210087,ETHUSDT,bid,2560,9004.505
1727018210403,ETHUSDT,bid,2560,9029.42
1727018210505,ETHUSDT,bid,2560,9004.505
1727018212099,ETHUSDT,bid,2560,9004.495
1727018212606,ETHUSDT,bid,2560,9029.773
1727018213660,ETHUSDT,bid,2420,4484.749
1727018215114,ETHUSDT,bid,2560,9004.495
1727018215320,ETHUSDT,bid,2560,9002.939
1727018220550,ETHUSDT,bid,2560,9003.194
1727018221767,ETHUSDT,bid,2560,9029.037
1727018221987,ETHUSDT,bid,2560,9027.882
1727018222091,ETHUSDT,bid,2560,9002.939
1727018222293,ETHUSDT,bid,2560,9028.198
1727018222707,ETHUSDT,bid,2560,9028.735
1727018222808,ETHUSDT,bid,2560,9003.514
1727018223012,ETHUSDT,bid,2560,9032.531
1727018223115,ETHUSDT,bid,2560,9013.525
1727018223210,ETHUSDT,bid,2560,9002.634
1727018223835,ETHUSDT,bid,2560,9002.596
1727018224040,ETHUSDT,bid,2560,9020.702
1727018224138,ETHUSDT,bid,2560,9002.596
1727018225065,ETHUSDT,bid,2560,9002.596
1727018225688,ETHUSDT,bid,2560,9018.206
1727018225782,ETHUSDT,bid,2560,9017.669
1727018226079,ETHUSDT,bid,2560,9017.669
1727018226404,ETHUSDT,bid,2560,9041.582
1727018226504,ETHUSDT,bid,2560,9017.669
1727018226815,ETHUSDT,bid,2560,9002.059
1727018227120,ETHUSDT,bid,2560,9002.059
1727018227529,ETHUSDT,bid,2560,9002.159
1727018227946,ETHUSDT,bid,2560,9002.139
1727018228047,ETHUSDT,bid,2560,9020.245
1727018228144,ETHUSDT,bid,2560,9002.139
1727018229091,ETHUSDT,bid,2560,9002.353
1727018229504,ETHUSDT,bid,2560,9002.372
1727018230029,ETHUSDT,bid,2560,9020.478
1727018230131,ETHUSDT,bid,2560,9002.372
1727018231088,ETHUSDT,bid,2560,9002.372
1727018231088,ETHUSDT,ask,2580,6092.724
1727018232116,ETHUSDT,bid,2560,9002.372
1727018233105,ETHUSDT,bid,2560,9002.372
1727018233207,ETHUSDT,bid,2560,9007.372
1727018234024,ETHUSDT,bid,2560,9025.478
1727018234127,ETHUSDT,bid,2560,9007.372
1727018236032,ETHUSDT,bid,2560,9025.478
1727018236133,ETHUSDT,bid,2560,9007.372
1727018237058,ETHUSDT,bid,2560,9007.372
1727018238087,ETHUSDT,bid,2560,9007.372
1727018239038,ETHUSDT,bid,2560,9025.478
1727018239140,ETHUSDT,bid,2560,9007.372
1727018241101,ETHUSDT,bid,2560,9009.354
1727018241920,ETHUSDT,bid,2560,9009.704
1727018258083,ETHUSDT,bid,2490,4121.742
1727018270245,ETHUSDT,bid,2220,4574.839
1727018278277,ETHUSDT,ask,2580,6093.11
1727018283055,ETHUSDT,bid,2560,10019.028
1727018283169,ETHUSDT,bid,2560,10000.922
1727018284104,ETHUSDT,bid,2560,10000.922
1727018285040,ETHUSDT,bid,2560,10019.028
1727018285147,ETHUSDT,bid,2560,10000.922
1727018286077,ETHUSDT,bid,2560,10000.922
1727018287030,ETHUSDT,bid,2560,10019.028
1727018287137,ETHUSDT,bid,2560,10000.922
1727018288071,ETHUSDT,bid,2560,10000.922
1727018288803,ETHUSDT,bid,2560,10005.133
1727018289106,ETHUSDT,bid,2560,10005.133
1727018290033,ETHUSDT,bid,2560,10023.239
1727018290144,ETHUSDT,bid,2560,10005.133
1727018291073,ETHUSDT,bid,2560,10005.133
1727018292018,ETHUSDT,bid,2560,10023.239
1727018292134,ETHUSDT,bid,2560,10005.133
1727018293106,ETHUSDT,bid,2560,10000.79
1727018300521,ETHUSDT,bid,2490,4121.993
1727018308861,ETHUSDT,ask,2580,6093.202
1727018311108,ETHUSDT,ask,2580,6090.272
1727018315329,ETHUSDT,bid,2490,4121.793
1727018324703,ETHUSDT,bid,2220,4573.839
1727018384186,ETHUSDT,ask,2580,6090.698
1727018389066,ETHUSDT,ask,2580,6090.505
1727018389376,ETHUSDT,ask,2580,6092.505
1727018390612,ETHUSDT,ask,2580,6090.505
1727018391125,ETHUSDT,ask,2580,6092.505
1727018392145,ETHUSDT,ask,2580,6090.505
1727018393701,ETHUSDT,ask,2580,6092.505
1727018395225,ETHUSDT,ask,2580,6090.505
1727018396151,ETHUSDT,ask,2580,6092.505
1727018398225,ETHUSDT,ask,2580,6090.505
1727018400991,ETHUSDT,ask,2580,6090.505
1727018468687,ETHUSDT,ask,2580,6089.732
1727018489558,ETHUSDT,ask,2580,6103.877
1727018502416,ETHUSDT,bid,2570,10009.365
1727018503032,ETHUSDT,bid,2570,10027.471
1727018503135,ETHUSDT,bid,2570,10009.365
1727018504073,ETHUSDT,bid,2570,10009.365
1727018505021,ETHUSDT,bid,2570,10027.471
1727018505121,ETHUSDT,bid,2570,10009.365
1727018506037,ETHUSDT,bid,2570,10027.487
1727018506135,ETHUSDT,bid,2570,10009.381
1727018506754,ETHUSDT,bid,2570,10013.733
1727018508105,ETHUSDT,bid,2570,10013.733
1727018509061,ETHUSDT,bid,2570,10013.733
1727018510088,ETHUSDT,bid,2570,10013.733
1727018510703,ETHUSDT,bid,2570,10013.781
1727018510804,ETHUSDT,bid,2570,10014.331
1727018510905,ETHUSDT,bid,2570,10014.295
1727018511107,ETHUSDT,bid,2570,10014.295
1727018512036,ETHUSDT,bid,2570,10032.401
1727018512142,ETHUSDT,bid,2570,10014.295
1727018513089,ETHUSDT,bid,2570,10014.295
1727018513290,ETHUSDT,bid,2570,10014.287
1727018513493,ETHUSDT,bid,2570,10014.275
1727018513798,ETHUSDT,bid,2570,10009.857
1727018514106,ETHUSDT,bid,2570,10009.857
1727018515028,ETHUSDT,bid,2570,10027.963
1727018515131,ETHUSDT,bid,2570,10009.857
1727018516075,ETHUSDT,bid,2570,10009.857
1727018516176,ETHUSDT,bid,2570,10038.298
1727018516793,ETHUSDT,bid,2570,10009.857
1727018516993,ETHUSDT,bid,2570,10034.805
1727018517100,ETHUSDT,bid,2570,10034.805
1727018592874,ETHUSDT,ask,2580,6103.831
1727018600398,ETHUSDT,bid,2570,3925.438
1727018603381,ETHUSDT,bid,2570,3925.518
1727018607159,ETHUSDT,bid,2570,3934.853
1727018607366,ETHUSDT,bid,2570,3934.863
1727018608303,ETHUSDT,bid,2570,3934.853
1727018608405,ETHUSDT,bid,2570,3934.843
1727018608606,ETHUSDT,bid,2570,3950.403
1727018610481,ETHUSDT,bid,2570,3939.334
1727018611193,ETHUSDT,bid,2570,3914.429
1727018611288,ETHUSDT,bid,2570,3914.505
1727018612312,ETHUSDT,bid,2570,3914.439
1727018613249,ETHUSDT,bid,2570,3919.237
1727018613971,ETHUSDT,bid,2570,3915.584
1727018616237,ETHUSDT,bid,2570,3926.578
1727018616544,ETHUSDT,bid,2570,3925.423
1727018618107,ETHUSDT,bid,2570,3914.429
1727018623081,ETHUSDT,bid,2570,3925.418
1727018628664,ETHUSDT,bid,2570,3925.427
1727018640278,ETHUSDT,bid,2570,3936.308
1727018642042,ETHUSDT,bid,2570,3925.427
1727018665042,ETHUSDT,bid,2570,3925.96
1727018669341,ETHUSDT,bid,2460,4189.462
1727018675604,ETHUSDT,bid,2570,3936.949
1727018675706,ETHUSDT,bid,2570,3940.836
1727018676111,ETHUSDT,bid,2570,3940.956
1727018678816,ETHUSDT,bid,2570,3937.069
1727018678916,ETHUSDT,bid,2570,3926.08
1727018680040,ETHUSDT,bid,2570,3926.4
1727018685615,ETHUSDT,bid,2570,3927.147
1727018686022,ETHUSDT,bid,2570,3927.35
1727018689021,ETHUSDT,bid,2570,3926.914
1727018691003,ETHUSDT,bid,2570,3926.711
1727018698097,ETHUSDT,bid,2570,3926.169
1727018700403,ETHUSDT,bid,2570,3926.199
1727018701429,ETHUSDT,bid,2570,3926.208
1727018705155,ETHUSDT,bid,2570,3926.088
1727018712919,ETHUSDT,bid,2570,3927.088
1727018713948,ETHUSDT,bid,2570,3926.088
1727018718957,ETHUSDT,bid,2570,3926.1
1727018719059,ETHUSDT,bid,2570,3926.091
1727018724865,ETHUSDT,bid,2570,3926.228
1727018727869,ETHUSDT,bid,2570,3926.091
1727018731391,ETHUSDT,bid,2570,3926.079
1727018742675,ETHUSDT,bid,2570,3926.079
1727018743084,ETHUSDT,bid,2570,3915.541
1727018743186,ETHUSDT,bid,2570,3916.026
1727018744718,ETHUSDT,bid,2570,3916.426
1727018745142,ETHUSDT,bid,2570,3916.026
1727018753792,ETHUSDT,bid,2570,3916.226
1727018753893,ETHUSDT,bid,2570,3916.226
1727018754916,ETHUSDT,bid,2570,3914.944
1727018756485,ETHUSDT,bid,2570,3928.535
1727018763478,ETHUSDT,bid,2570,3928.535
1727018764822,ETHUSDT,bid,2570,3928.05
1727018764917,ETHUSDT,bid,2570,3929.605
1727018765463,ETHUSDT,bid,2570,3929.615
1727018766927,ETHUSDT,bid,2570,3929.605
1727018767027,ETHUSDT,bid,2570,3928.05
1727018772080,ETHUSDT,bid,2570,3914.429
1727018773446,ETHUSDT,bid,2570,3914.929
1727018773655,ETHUSDT,bid,2570,3914.429
1727018773762,ETHUSDT,bid,2570,3914.929
1727018773973,ETHUSDT,bid,2570,3914.429
1727018774081,ETHUSDT,bid,2570,3914.929
1727018774184,ETHUSDT,bid,2570,3914.429
1727018780550,ETHUSDT,bid,2570,3922.775
1727018781391,ETHUSDT,bid,2570,3914.975
1727018781503,ETHUSDT,bid,2570,3914.429
1727018787384,ETHUSDT,bid,2570,3914.661
1727018790779,ETHUSDT,bid,2570,3921.543
1727018795601,ETHUSDT,bid,2570,3923.943
1727018795702,ETHUSDT,bid,2570,3924.343
1727018796431,ETHUSDT,bid,2570,3924.5
1727018801000,ETHUSDT,bid,2570,3935.381
1727018804126,ETHUSDT,bid,2570,3935.681
1727018804874,ETHUSDT,bid,2570,3935.381
1727018805701,ETHUSDT,bid,2570,3937.562
1727018806425,ETHUSDT,bid,2570,3937.173
1727018806526,ETHUSDT,bid,2570,3926.292
1727018807780,ETHUSDT,bid,2570,3922.866
1727018807883,ETHUSDT,bid,2570,3921.311
1727018811294,ETHUSDT,bid,2420,4494.749
1727018821546,ETHUSDT,bid,2570,3921.857
1727018822485,ETHUSDT,bid,2570,3921.311
1727018823834,ETHUSDT,bid,2570,3921.311
1727018823936,ETHUSDT,bid,2570,3921.775
1727018824032,ETHUSDT,bid,2570,3923.33
1727018824349,ETHUSDT,bid,2570,3924.922
1727018825087,ETHUSDT,bid,2570,3924.965
1727018825299,ETHUSDT,bid,2570,3925.003
1727018825911,ETHUSDT,bid,2570,3923.411
1727018826319,ETHUSDT,bid,2570,3922.947
1727018828107,ETHUSDT,bid,2570,3922.909
1727018828311,ETHUSDT,bid,2570,3923.298
1727018830077,ETHUSDT,bid,2570,3921.743
1727018835176,ETHUSDT,bid,2570,3921.311
1727018835278,ETHUSDT,bid,2570,3921.311
1727018835374,ETHUSDT,ask,2580,6103.839
1727018838602,ETHUSDT,bid,2570,3928.489
1727018838805,ETHUSDT,bid,2570,3921.311
1727018839007,ETHUSDT,bid,2570,3932.193
1727018839728,ETHUSDT,bid,2570,3921.311
1727018840058,ETHUSDT,bid,2570,3932.193
1727018840160,ETHUSDT,bid,2570,3932.971
1727018840257,ETHUSDT,bid,2570,3922.089
1727018843833,ETHUSDT,bid,2570,3921.522
1727018847476,ETHUSDT,bid,2570,3922.054
1727018852505,ETHUSDT,bid,2570,3922.6
1727018853523,ETHUSDT,bid,2570,3922.054
1727018857780,ETHUSDT,bid,2570,3921.322
1727018857984,ETHUSDT,bid,2570,3923.51
1727018858084,ETHUSDT,bid,2570,3948.392
1727018860695,ETHUSDT,bid,2570,3949.092
1727018860795,ETHUSDT,bid,2570,3948.592
1727018861304,ETHUSDT,bid,2570,3948.392
1727018861408,ETHUSDT,bid,2570,3936.858
1727018867014,ETHUSDT,bid,2570,3921.321
1727018867116,ETHUSDT,bid,2570,3921.311
1727018867833,ETHUSDT,bid,2570,3921.321
1727018868966,ETHUSDT,bid,2570,3921.321
1727018869173,ETHUSDT,bid,2570,3921.311
1727018869289,ETHUSDT,bid,2570,3921.321
1727018869503,ETHUSDT,bid,2570,3921.321
1727018869914,ETHUSDT,bid,2570,3921.311
1727018872502,ETHUSDT,bid,2570,3936.082
1727018872911,ETHUSDT,bid,2570,3934.927
1727018873104,ETHUSDT,bid,2570,3921.311
1727018880122,ETHUSDT,bid,2570,3922.195
1727018882802,ETHUSDT,bid,2570,3923.75
1727018882905,ETHUSDT,bid,2570,3923.76
1727018884503,ETHUSDT,bid,2570,3922.235
1727018884605,ETHUSDT,bid,2570,3922.225
1727018890897,ETHUSDT,bid,2570,3922.225
1727018897831,ETHUSDT,bid,2570,3922.235
1727018897929,ETHUSDT,bid,2570,3922.225
1727018901143,ETHUSDT,bid,2570,3922.225
1727018904558,ETHUSDT,bid,2570,3922.235
1727018905280,ETHUSDT,bid,2570,3922.225
1727018906774,ETHUSDT,bid,2570,3922.225
1727018908969,ETHUSDT,bid,2570,3922.225
1727018910106,ETHUSDT,bid,2570,3921.341
1727018912064,ETHUSDT,bid,2570,3921.341
1727018913751,ETHUSDT,bid,2570,3921.351
1727018915326,ETHUSDT,bid,2570,3921.341
1727018917208,ETHUSDT,bid,2570,3921.841
1727018917614,ETHUSDT,bid,2570,3921.341
1727018918660,ETHUSDT,bid,2570,3921.841
1727018918781,ETHUSDT,ask,2580,6103.829
1727018919518,ETHUSDT,bid,2570,3921.841
1727018920303,ETHUSDT,bid,2570,3921.841
1727018920404,ETHUSDT,bid,2570,3923.008
1727018920506,ETHUSDT,ask,2580,6104.129
1727018921256,ETHUSDT,bid,2570,3922.508
1727018923548,ETHUSDT,bid,2570,3927.229
1727018923858,ETHUSDT,bid,2570,3927.463
1727018925420,ETHUSDT,bid,2570,3927.483
1727018926144,ETHUSDT,bid,2570,3927.463
1727018927204,ETHUSDT,bid,2570,3927.483
1727018928167,ETHUSDT,bid,2570,3927.463
1727018932102,ETHUSDT,ask,2580,6105.129
1727018933546,ETHUSDT,bid,2570,3921.575
1727018942282,ETHUSDT,bid,2570,3921.595
1727018943111,ETHUSDT,bid,2570,3921.575
1727018946134,ETHUSDT,ask,2580,6106.571
1727018946243,ETHUSDT,bid,2570,3921.595
1727018946953,ETHUSDT,bid,2570,3921.915
1727018949150,ETHUSDT,bid,2570,3921.895
1727018950617,ETHUSDT,bid,2570,3921.94
1727018952303,ETHUSDT,bid,2570,3921.96
1727018953147,ETHUSDT,bid,2570,3921.94
1727018953476,ETHUSDT,bid,2570,3921.91
1727018957299,ETHUSDT,bid,2570,3921.93
1727018958136,ETHUSDT,bid,2570,3921.91
1727018958237,ETHUSDT,bid,2570,3921.59
1727018962326,ETHUSDT,bid,2570,3921.545
1727018963396,ETHUSDT,bid,2570,3931.545
1727018966765,ETHUSDT,bid,2570,3931.583
1727018966974,ETHUSDT,bid,2570,3931.545
1727018967071,ETHUSDT,bid,2420,4554.749
1727018967177,ETHUSDT,bid,2570,3921.545
1727018967276,ETHUSDT,bid,2570,3921.565
1727018969156,ETHUSDT,bid,2570,3921.545
1727018970105,ETHUSDT,bid,2570,3928.522
1727018970206,ETHUSDT,bid,2570,3914.663
1727018970716,ETHUSDT,bid,2570,3933.534
1727018971225,ETHUSDT,bid,2570,3933.651
1727018991241,ETHUSDT,bid,2570,3914.546
1727018991342,ETHUSDT,bid,2570,3914.623
1727018991543,ETHUSDT,bid,2570,3914.546
1727018992768,ETHUSDT,ask,2580,6106.733
1727019001145,ETHUSDT,bid,2570,3916.487
1727019004262,ETHUSDT,bid,2570,3915.955
1727019004363,ETHUSDT,bid,2570,3919.842
1727019011261,ETHUSDT,bid,2570,3915.838
1727019015805,ETHUSDT,bid,2570,3914.429
1727019019140,ETHUSDT,bid,2570,3915.386
1727019025699,ETHUSDT,bid,2570,3916.386
1727019026614,ETHUSDT,bid,2570,3915.386
1727019027125,ETHUSDT,bid,2570,3915.395
1727019041748,ETHUSDT,bid,2570,3916.395
1727019043519,ETHUSDT,bid,2570,3915.395
1727019043619,ETHUSDT,bid,2570,3914.438
1727019044236,ETHUSDT,bid,2570,3914.568
1727019044447,ETHUSDT,bid,2570,3914.559
1727019053412,ETHUSDT,bid,2570,3939.439
1727019055369,ETHUSDT,bid,2570,3920.441
1727019068268,ETHUSDT,bid,2570,3927.491
1727019068702,ETHUSDT,bid,2570,3927.661
1727019070501,ETHUSDT,bid,2570,3920.611
1727019074747,ETHUSDT,bid,2570,3999.734
1727019076709,ETHUSDT,bid,2570,3920.611
1727019081009,ETHUSDT,bid,2570,3926.438
1727019081738,ETHUSDT,bid,2570,3920.611
1727019081939,ETHUSDT,bid,2570,3914.729
1727019082967,ETHUSDT,ask,2580,6106.771
1727019098745,ETHUSDT,bid,2570,3914.559
1727019101312,ETHUSDT,bid,2570,3930.605
1727019101711,ETHUSDT,bid,2570,3915.053
1727019101922,ETHUSDT,bid,2570,3916.199
1727019102128,ETHUSDT,bid,2570,3916.069
1727019102433,ETHUSDT,bid,2570,3927.107
1727019102547,ETHUSDT,bid,2570,3916.069
1727019102853,ETHUSDT,bid,2570,3916.081
1727019103777,ETHUSDT,bid,2570,3915.617
1727019108469,ETHUSDT,bid,2570,3920.347
1727019108570,ETHUSDT,bid,2570,3919.707
1727019109088,ETHUSDT,bid,2570,3915.575
1727019110610,ETHUSDT,bid,2570,3915.745
1727019122948,ETHUSDT,bid,2570,3915.964
1727019123047,ETHUSDT,bid,2570,3916.375
1727019123254,ETHUSDT,bid,2570,3915.575
1727019127662,ETHUSDT,bid,2570,3915.587
1727019128093,ETHUSDT,bid,2570,3916.079
1727019128605,ETHUSDT,bid,2570,3916.325
1727019129017,ETHUSDT,bid,2570,3916.469
1727019129221,ETHUSDT,bid,2570,3916.069
1727019129967,ETHUSDT,bid,2570,3915.605
1727019130162,ETHUSDT,bid,2570,3916.2
1727019131406,ETHUSDT,bid,2570,3915.643
1727019132018,ETHUSDT,bid,2570,3914.588
1727019132116,ETHUSDT,bid,2570,3914.818
1727019132223,ETHUSDT,bid,2570,3915.85
1727019132327,ETHUSDT,bid,2570,3916.032
1727019132427,ETHUSDT,bid,2570,3916.04
1727019133059,ETHUSDT,bid,2570,3915.82
1727019133160,ETHUSDT,bid,2570,3915.455
1727019133263,ETHUSDT,bid,2570,3915.155
1727019133368,ETHUSDT,bid,2570,3915.172
1727019133470,ETHUSDT,bid,2570,3915.278
1727019133574,ETHUSDT,bid,2570,3913.913
1727019133673,ETHUSDT,bid,2570,3915.702
1727019133877,ETHUSDT,bid,2570,3915.689
1727019134082,ETHUSDT,bid,2570,3915.59
1727019134198,ETHUSDT,bid,2570,3915.023
1727019134302,ETHUSDT,bid,2570,3915.191
1727019134403,ETHUSDT,bid,2570,3916.611
1727019134503,ETHUSDT,bid,2570,3916.606
1727019134705,ETHUSDT,bid,2570,3916.634
1727019134809,ETHUSDT,bid,2570,3916.674
1727019134916,ETHUSDT,bid,2570,3913.516
1727019135007,ETHUSDT,bid,2570,3913.468
1727019135119,ETHUSDT,bid,2570,3913.507
1727019135207,ETHUSDT,bid,2570,3913.461
1727019135309,ETHUSDT,bid,2570,3913.637
1727019135414,ETHUSDT,bid,2570,3913.65
1727019135627,ETHUSDT,bid,2570,3911.781
1727019135732,ETHUSDT,bid,2570,3910.397
1727019135836,ETHUSDT,bid,2570,3910.391
1727019136148,ETHUSDT,bid,2570,3910.363
1727019136248,ETHUSDT,bid,2570,3908.96
1727019136350,ETHUSDT,bid,2570,3903.773
1727019136444,ETHUSDT,bid,2570,3903.784
1727019136863,ETHUSDT,bid,2570,3903.79
1727019136959,ETHUSDT,bid,2570,3901.9
1727019137070,ETHUSDT,bid,2570,3901.727
1727019137179,ETHUSDT,bid,2570,3901.707
1727019183509,ETHUSDT,ask,2580,6106.771
1727019213538,ETHUSDT,ask,2580,6104.771
1727019275922,ETHUSDT,ask,2580,6103.771
1727019297062,ETHUSDT,ask,2580,6103.798
1727019297786,ETHUSDT,ask,2580,6103.771
1727019299868,ETHUSDT,bid,2570,10049.606
1727019299970,ETHUSDT,bid,2570,10052.471
1727019300174,ETHUSDT,bid,2570,10049.606
1727019300676,ETHUSDT,bid,2570,10034.6
1727019300885,ETHUSDT,bid,2570,10034.752
1727019301090,ETHUSDT,bid,2570,10034.752
1727019301696,ETHUSDT,bid,2570,10033.852
1727019302918,ETHUSDT,bid,2570,10037.291
1727019304042,ETHUSDT,bid,2570,10041.957
1727019323994,ETHUSDT,ask,2580,6103.782
1727019329056,ETHUSDT,ask,2580,6103.771
1727019333284,ETHUSDT,ask,2580,6104.159
1727019335883,ETHUSDT,ask,2580,6107.252
1727019349039,ETHUSDT,bid,1960,5174.414
1727019355604,ETHUSDT,bid,2460,4189.362
1727019461202,ETHUSDT,ask,2580,6105.052
1727019544886,ETHUSDT,ask,2580,6105.552
1727019656618,ETHUSDT,bid,2420,4554.764
1727019679959,ETHUSDT,bid,2420,4554.749
1727019815672,ETHUSDT,ask,2580,6104.11
1727019867994,ETHUSDT,ask,2580,6098.689
1727019872688,ETHUSDT,bid,2490,4121.811
1727019884288,ETHUSDT,ask,2580,6097.689
1727019900065,ETHUSDT,bid,2490,4121.802
1727019911375,ETHUSDT,ask,2580,6097.689
1727019912818,ETHUSDT,ask,2580,6107.356
1727019926797,ETHUSDT,ask,2580,6107.434
1727020026111,ETHUSDT,ask,2580,6107.233
1727020050224,ETHUSDT,ask,2580,6108.233
1727020076086,ETHUSDT,ask,2580,6110.233
1727020078568,ETHUSDT,ask,2580,6108.233
1727020079603,ETHUSDT,ask,2580,6110.233
1727020082516,ETHUSDT,ask,2580,6108.233
1727020084478,ETHUSDT,ask,2580,6110.233
1727020086439,ETHUSDT,ask,2580,6108.233
1727020213867,ETHUSDT,bid,2220,4567.832
1727020244202,ETHUSDT,bid,2460,4188.983
1727020296502,ETHUSDT,ask,2580,6110.233
1727020296809,ETHUSDT,ask,2580,6108.233
1727020301057,ETHUSDT,ask,2580,6110.233
1727020303262,ETHUSDT,ask,2580,6108.233
1727020308331,ETHUSDT,ask,2580,6110.233
1727020309366,ETHUSDT,ask,2580,6108.233
1727020321813,ETHUSDT,ask,2580,6098.566
1727020417061,ETHUSDT,bid,2420,4555.736
1727020467374,ETHUSDT,ask,2580,6098.814
1727020608139,ETHUSDT,ask,2580,6098.714
1727020651019,ETHUSDT,bid,2420,4556.736
1727020696345,ETHUSDT,ask,2580,6100.897
1727020831975,ETHUSDT,ask,2580,6101.897
1727021030106,ETHUSDT,ask,2580,6101.907
1727021043237,ETHUSDT,ask,2580,6101.897
1727021068996,ETHUSDT,bid,2420,4556.402
1727021248004,ETHUSDT,ask,2580,6189.729
1727021251308,ETHUSDT,bid,1950,5470.74
1727021305563,ETHUSDT,ask,2580,6189.879
1727021314555,ETHUSDT,bid,1950,5478.492
1727021356304,ETHUSDT,bid,2490,4121.402
1727021402595,ETHUSDT,bid,2490,4121.411
1727021490063,ETHUSDT,ask,2580,6102.039
1727021500151,ETHUSDT,bid,2420,4556.652
1727021523464,ETHUSDT,bid,2490,4119.411
1727021553281,ETHUSDT,bid,2420,4556.402
1727021621855,ETHUSDT,ask,2580,6169.545
1727021623593,ETHUSDT,bid,2420,4556.102
1727021702468,ETHUSDT,bid,2490,4119.421
1727021716757,ETHUSDT,ask,2580,6101.835
1727021830624,ETHUSDT,ask,3090,3258.86
1727021846292,ETHUSDT,bid,2490,4120.421
1727021976389,ETHUSDT,bid,2490,4123.421
1727021992035,ETHUSDT,bid,2420,4555.732
1727022006303,ETHUSDT,bid,2490,4122.421
1727022018561,ETHUSDT,bid,2220,4567.248
1727022029156,ETHUSDT,bid,2460,4189.389
1727022096716,ETHUSDT,ask,2580,6102.515
1727022100810,ETHUSDT,bid,2460,4189.379
1727022111037,ETHUSDT,ask,2580,6102.409
1727022129810,ETHUSDT,bid,2420,4555.742
1727022140186,ETHUSDT,bid,2420,4560.686
1727022173500,ETHUSDT,bid,2490,4122.411
1727022180586,ETHUSDT,bid,2420,4555.742
1727022185319,ETHUSDT,bid,2420,4556.163
1727022191388,ETHUSDT,bid,2420,4561.108
1727022226748,ETHUSDT,bid,2420,4613.794
1727022284570,ETHUSDT,ask,2580,6103.572
1727022320514,ETHUSDT,bid,2490,4120.408
1727022370677,ETHUSDT,bid,2460,4189.369
1727022385348,ETHUSDT,bid,2460,4189.359
1727022410739,ETHUSDT,bid,2460,4189.349
1727022420358,ETHUSDT,bid,2490,4118.408
1727022445758,ETHUSDT,bid,2490,4131.628
1727022461211,ETHUSDT,bid,2490,4131.638
1727022470450,ETHUSDT,bid,2490,4131.647
1727022470450,ETHUSDT,ask,2580,6102.418
1727022472504,ETHUSDT,ask,2580,6107.839
1727022494251,ETHUSDT,bid,2420,4608.849
1727022498564,ETHUSDT,bid,2460,4189.339
1727022506196,ETHUSDT,ask,2580,6112.667
1727022513487,ETHUSDT,bid,2420,4556.163
1727022514454,ETHUSDT,bid,2420,4608.876
1727022616375,ETHUSDT,bid,2420,4608.676
1727022727188,ETHUSDT,ask,2580,6098.522
1727022783091,ETHUSDT,bid,2420,4609.276
1727022799759,ETHUSDT,bid,2420,4556.563
1727022800778,ETHUSDT,bid,2420,4609.303
1727022825308,ETHUSDT,bid,2490,4118.427
1727022864892,ETHUSDT,ask,2580,6098.532
1727022908826,ETHUSDT,ask,2580,6098.522
1727022968505,ETHUSDT,ask,2580,6098.53
1727022984999,ETHUSDT,ask,2580,6098.54
1727023054563,ETHUSDT,ask,2580,6098.54
1727023085929,ETHUSDT,bid,2420,4556.563
1727023086960,ETHUSDT,bid,2420,4609.331
1727023136671,ETHUSDT,bid,2420,4609.308
1727023142709,ETHUSDT,ask,2580,6098.54
1727023146103,ETHUSDT,ask,2580,6098.54
1727023373554,ETHUSDT,bid,2420,4556.54
1727023374603,ETHUSDT,bid,2420,4609.337
1727023459485,ETHUSDT,bid,1950,5470.74
1727023603063,ETHUSDT,bid,2460,4189.329
1727023646269,ETHUSDT,ask,2580,6098.549
1727023664209,ETHUSDT,bid,2420,4556.54
1727023665272,ETHUSDT,bid,2420,4609.366
1727023798359,ETHUSDT,bid,2460,4189.319
1727023917218,ETHUSDT,bid,2460,4189.309
1727023920607,ETHUSDT,ask,2580,6102.44
1727023930509,ETHUSDT,ask,2580,6102.643
1727023950129,ETHUSDT,bid,2420,4556.54
1727023951066,ETHUSDT,bid,2420,4609.395
1727023965160,ETHUSDT,ask,2580,6102.44
1727023970145,ETHUSDT,bid,2460,4189.299
1727023970459,ETHUSDT,ask,2580,6097.612
1727024040211,ETHUSDT,ask,2580,6093.721
1727024173745,ETHUSDT,ask,2580,6088.359
1727024235186,ETHUSDT,bid,2420,4556.54
1727024236206,ETHUSDT,bid,2420,4609.424
1727024400111,ETHUSDT,ask,2580,6092.912
1727024524419,ETHUSDT,bid,2420,4556.54
1727024525344,ETHUSDT,bid,2420,4609.453
1727024566470,ETHUSDT,ask,2580,6093.133
1727024572605,ETHUSDT,ask,2580,6092.912
1727024667350,ETHUSDT,ask,2580,6099.749
1727024692380,ETHUSDT,ask,2580,6099.218
1727024716405,ETHUSDT,bid,2490,4127.427
1727024809421,ETHUSDT,bid,2420,4556.54
1727024810433,ETHUSDT,bid,2420,4609.483
1727024869254,ETHUSDT,ask,2580,6132.962
1727024874299,ETHUSDT,ask,2580,6092.962
1727024874403,ETHUSDT,ask,2580,6132.962
1727024879442,ETHUSDT,ask,2580,6092.962
1727024920205,ETHUSDT,ask,2580,6092.962
1727024983220,ETHUSDT,ask,2580,6100.962
1727024984157,ETHUSDT,ask,2580,6092.962
1727025043788,ETHUSDT,ask,2580,6093.962
1727025057767,ETHUSDT,bid,2460,4189.291
1727025065276,ETHUSDT,ask,2580,6101.747
1727025095089,ETHUSDT,ask,2580,6101.747
1727025098457,ETHUSDT,bid,2420,4556.54
1727025099473,ETHUSDT,bid,2420,4609.513
1727025101096,ETHUSDT,bid,2490,4127.422
1727025155029,ETHUSDT,ask,2580,6111.143
1727025167163,ETHUSDT,ask,2580,6114.143
1727025171688,ETHUSDT,ask,2580,6114.25
1727025175999,ETHUSDT,ask,2580,6114.143
1727025188140,ETHUSDT,ask,2580,6115.032
1727025193432,ETHUSDT,ask,2580,6115.172
1727025193941,ETHUSDT,ask,2580,6116.265
1727025201854,ETHUSDT,ask,2580,6116.865
1727025207696,ETHUSDT,ask,2580,6116.394
1727025231279,ETHUSDT,ask,2580,6119.317
1727025241570,ETHUSDT,ask,2580,6120.594
1727025243814,ETHUSDT,ask,2580,6119.501
1727025253876,ETHUSDT,ask,2580,6127.235
1727025346687,ETHUSDT,bid,2490,4110.422
1727025350977,ETHUSDT,bid,2430,4120.132
1727025389227,ETHUSDT,bid,2420,4556.54
1727025390167,ETHUSDT,bid,2420,4609.545
1727025545047,ETHUSDT,bid,2460,4187.26
1727025633315,ETHUSDT,bid,2420,4612.545
1727025675874,ETHUSDT,bid,2420,4559.54
1727025676909,ETHUSDT,bid,2420,4612.575
1727025719868,ETHUSDT,bid,2490,4109.326
1727025966862,ETHUSDT,bid,2420,4559.54
1727025967902,ETHUSDT,bid,2420,4612.607
1727026256400,ETHUSDT,bid,2420,4559.54
1727026257419,ETHUSDT,bid,2420,4612.639
1727026300787,ETHUSDT,bid,2420,4615.598
1727026323007,ETHUSDT,bid,2420,4618.379
1727026547595,ETHUSDT,bid,2420,4565.28
1727026548636,ETHUSDT,bid,2420,4618.411
1727026664139,ETHUSDT,bid,2490,4109.317
1727026839844,ETHUSDT,bid,2420,4565.28
1727026840879,ETHUSDT,bid,2420,4618.443
1727027125725,ETHUSDT,bid,2420,4565.28
1727027126745,ETHUSDT,bid,2420,4618.476
1727027174727,ETHUSDT,bid,2420,4615.695
1727027205005,ETHUSDT,bid,2030,5065.196
1727027205830,ETHUSDT,ask,2590,6357.945
1727027207495,ETHUSDT,ask,2590,6357.705
1727027228140,ETHUSDT,ask,2590,6354.705
1727027230282,ETHUSDT,ask,2590,6353.205
1727027237401,ETHUSDT,ask,2590,6352.205
1727027253756,ETHUSDT,ask,2590,6352.705
1727027255804,ETHUSDT,ask,2590,6358.705
1727027276711,ETHUSDT,ask,2590,6358.404
1727027277524,ETHUSDT,ask,2590,6358.714
1727027292803,ETHUSDT,ask,2590,6363.714
1727027293533,ETHUSDT,ask,2590,6358.714
1727027302129,ETHUSDT,ask,2590,6361.214
1727027346957,ETHUSDT,bid,2420,4618.695
1727027350410,ETHUSDT,ask,2590,6360.636
1727027360507,ETHUSDT,ask,2590,6357.193
1727027364963,ETHUSDT,ask,2590,6357.771
1727027404121,ETHUSDT,ask,2590,6357.471
1727027414681,ETHUSDT,bid,2420,4618.685
1727027416122,ETHUSDT,ask,2590,6362.027
1727027416732,ETHUSDT,bid,2420,4565.489
1727027417760,ETHUSDT,bid,2420,4618.718
1727027420945,ETHUSDT,ask,2590,6361.037
1727027421143,ETHUSDT,ask,2590,6388.671
1727027423490,ETHUSDT,ask,2590,6391.171
1727027431614,ETHUSDT,bid,1700,6022.969
1727027452552,ETHUSDT,ask,2590,6366.171
1727027485187,ETHUSDT,ask,2590,6375.161
1727027486154,ETHUSDT,ask,2590,6367.161
1727027487179,ETHUSDT,bid,2420,4618.728
1727027530300,ETHUSDT,ask,2590,6367.318
1727027539654,ETHUSDT,ask,2590,6367.36
1727027540591,ETHUSDT,ask,2590,6362.36
1727027567403,ETHUSDT,ask,2590,6361.37
1727027569353,ETHUSDT,ask,2590,6360.38
1727027602506,ETHUSDT,ask,2590,6360.505
1727027614496,ETHUSDT,ask,2590,6361.325
1727027639719,ETHUSDT,ask,2590,6366.239
1727027661917,ETHUSDT,ask,2590,6367.229
1727027663138,ETHUSDT,ask,2590,6367.379
1727027690905,ETHUSDT,ask,2590,6375.229
1727027691946,ETHUSDT,ask,2590,6367.229
1727027703263,ETHUSDT,bid,2420,4565.499
1727027704280,ETHUSDT,bid,2420,4618.761
1727027712043,ETHUSDT,ask,2590,6366.239
1727027719863,ETHUSDT,ask,2590,6368.239
1727027720170,ETHUSDT,ask,2590,6366.239
1727027722723,ETHUSDT,ask,2590,6368.239
1727027724394,ETHUSDT,ask,2590,6366.239
1727027731170,ETHUSDT,ask,2590,6368.239
1727027732296,ETHUSDT,ask,2590,6366.239
1727027762667,ETHUSDT,ask,2590,6361.325
1727027783164,ETHUSDT,ask,2590,6361.635
1727027802729,ETHUSDT,ask,2590,6362.335
1727027804489,ETHUSDT,ask,2590,6362.025
1727027805407,ETHUSDT,ask,2590,6362.037
1727027824163,ETHUSDT,ask,2590,6362.037
1727027842288,ETHUSDT,ask,2590,6361.895
1727027850070,ETHUSDT,ask,2590,6361.224
1727027856216,ETHUSDT,ask,2590,6366.04
1727027886928,ETHUSDT,bid,2490,4109.472
1727027917946,ETHUSDT,ask,2590,6365.47
1727027929939,ETHUSDT,ask,2590,6365.37
1727027991416,ETHUSDT,bid,2420,4565.499
1727027992460,ETHUSDT,bid,2420,4618.793
1727028000945,ETHUSDT,ask,2590,6362.87
1727028090004,ETHUSDT,ask,2590,6386.462
1727028100682,ETHUSDT,bid,2220,4567.23
1727028100682,ETHUSDT,bid,2420,4618.775
1727028204065,ETHUSDT,ask,2590,6368.757
1727028219710,ETHUSDT,ask,2590,6362.165
1727028280597,ETHUSDT,bid,2490,4100.472
1727028282468,ETHUSDT,bid,2420,4565.481
1727028283414,ETHUSDT,bid,2420,4618.806
1727028425287,ETHUSDT,ask,2590,6362.235
1727028476239,ETHUSDT,ask,2590,6362.355
1727028506228,ETHUSDT,ask,3040,3301.017
1727028571588,ETHUSDT,bid,2420,4565.481
1727028572613,ETHUSDT,bid,2420,4618.836
1727028596057,ETHUSDT,ask,2590,6358.48
1727028699365,ETHUSDT,ask,2590,6358.384
1727028724687,ETHUSDT,ask,2590,6358.376
1727028734527,ETHUSDT,ask,2590,6358.426
1727028772921,ETHUSDT,ask,2590,6358.376
1727028778715,ETHUSDT,ask,2590,6358.446
1727028804284,ETHUSDT,ask,2590,6358.626
1727028840048,ETHUSDT,ask,2590,6358.926
1727028858492,ETHUSDT,bid,2420,4565.481
1727028859519,ETHUSDT,bid,2420,4618.866
1727028865357,ETHUSDT,ask,2590,6356.292
1727028904208,ETHUSDT,ask,2590,6356.3
1727028964394,ETHUSDT,ask,2590,6355.722
1727028991409,ETHUSDT,ask,2590,6357.722
1727028994995,ETHUSDT,ask,2590,6355.722
1727029067464,ETHUSDT,ask,2590,6341.272
1727029147790,ETHUSDT,bid,2420,4565.481
1727029148824,ETHUSDT,bid,2420,4618.895
1727029172192,ETHUSDT,ask,2590,6343.25
1727029181735,ETHUSDT,ask,2590,6338.25
1727029235027,ETHUSDT,ask,2590,6338.26
1727029250908,ETHUSDT,ask,2590,6338.26
1727029406679,ETHUSDT,ask,2590,6338.135
1727029435963,ETHUSDT,bid,2420,4565.481
1727029436996,ETHUSDT,bid,2420,4618.926
1727029458527,ETHUSDT,ask,2590,6338.823
1727029459545,ETHUSDT,bid,1700,6020.617
1727029580507,ETHUSDT,ask,2590,6336.845
1727029623072,ETHUSDT,ask,2590,6337.345
1727029725750,ETHUSDT,bid,2420,4565.481
1727029726816,ETHUSDT,bid,2420,4618.956
1727029777884,ETHUSDT,ask,2590,6336.645
1727029908742,ETHUSDT,ask,2600,4551.694
1727029924259,ETHUSDT,ask,2600,5826.802
1727029929766,ETHUSDT,ask,2600,5826.831
1727029958156,ETHUSDT,ask,2600,7654.329
1727029968650,ETHUSDT,ask,2600,7653.942
1727029980230,ETHUSDT,ask,2600,7653.845
1727030004671,ETHUSDT,ask,2590,6337.032
1727030014868,ETHUSDT,bid,2420,4565.481
1727030015803,ETHUSDT,bid,2420,4618.987
1727030040746,ETHUSDT,ask,2600,7650.519
1727030096425,ETHUSDT,ask,2600,7652.098
1727030110303,ETHUSDT,ask,2600,7653.482
1727030123614,ETHUSDT,ask,2600,7651.903
1727030250205,ETHUSDT,ask,2600,7680.429
1727030251417,ETHUSDT,ask,2600,8360.795
1727030251734,ETHUSDT,ask,2600,8657.27
1727030304174,ETHUSDT,bid,2420,4565.481
1727030305305,ETHUSDT,bid,2420,4619.018
1727030311917,ETHUSDT,ask,2600,8657.221
1727030323017,ETHUSDT,ask,2600,8657.247
1727030565917,ETHUSDT,ask,2600,7651.9
1727030589292,ETHUSDT,bid,2420,4565.481
1727030590334,ETHUSDT,bid,2420,4619.049
1727030665705,ETHUSDT,ask,2600,7651.7
1727030684409,ETHUSDT,ask,2600,7651.538
1727030691879,ETHUSDT,ask,2600,7651.733
1727030758594,ETHUSDT,ask,2600,7651.771
1727030808702,ETHUSDT,ask,2600,7651.79
1727030819037,ETHUSDT,ask,2590,6327.046
1727030859639,ETHUSDT,ask,2590,6343.723
1727030877366,ETHUSDT,bid,2420,4565.481
1727030878407,ETHUSDT,bid,2420,4619.079
1727030912305,ETHUSDT,ask,2600,7588.803
1727030931209,ETHUSDT,ask,2590,6343.689
1727030933407,ETHUSDT,ask,2600,7583.803
1727031076889,ETHUSDT,ask,2600,7585.382
1727031125467,ETHUSDT,ask,2590,6343.699
1727031141143,ETHUSDT,ask,2590,6343.699
1727031161260,ETHUSDT,bid,2420,4565.481
1727031162195,ETHUSDT,bid,2420,4619.109
1727031178169,ETHUSDT,ask,2600,7586.382
1727031200253,ETHUSDT,ask,2600,7584.803
1727031203024,ETHUSDT,ask,2600,7585.631
1727031228805,ETHUSDT,ask,2600,7585.826
1727031263419,ETHUSDT,ask,2590,6343.302
1727031278577,ETHUSDT,ask,2590,6343.495
1727031289245,ETHUSDT,ask,2600,7586.019
1727031290794,ETHUSDT,ask,2600,7586.191
1727031347261,ETHUSDT,ask,2590,6348.495
1727031450106,ETHUSDT,bid,2420,4565.481
1727031451135,ETHUSDT,bid,2420,4619.139
1727031465309,ETHUSDT,ask,2600,7588.191
1727031468785,ETHUSDT,ask,2590,6348.505
1727031471576,ETHUSDT,ask,2590,6348.495
1727031485438,ETHUSDT,ask,2590,6348.495
1727031489769,ETHUSDT,ask,2590,6348.505
1727031492846,ETHUSDT,ask,2600,7588.191
1727031512203,ETHUSDT,ask,2600,7588.96
1727031516825,ETHUSDT,ask,2590,6348.495
1727031543160,ETHUSDT,bid,2490,4123.858
1727031543264,ETHUSDT,bid,2490,4193.422
1727031543365,ETHUSDT,bid,2490,4209.147
1727031543467,ETHUSDT,bid,2490,4217.207
1727031600622,ETHUSDT,bid,2490,4214.859
1727031638034,ETHUSDT,ask,2600,7589.033
1727031659750,ETHUSDT,ask,2600,7588.649
1727031693527,ETHUSDT,ask,2600,7591.649
1727031720414,ETHUSDT,bid,2490,4212.505
1727031738340,ETHUSDT,bid,2420,4565.481
1727031739370,ETHUSDT,bid,2420,4619.169
1727031806336,ETHUSDT,ask,2600,7591.658
1727031840103,ETHUSDT,bid,2490,4173.885
1727031840205,ETHUSDT,bid,2490,4169.517
1727031840306,ETHUSDT,bid,2490,4146.647
1727031840508,ETHUSDT,bid,2490,4100.472
1727031920421,ETHUSDT,ask,2590,6350.495
1727031921235,ETHUSDT,ask,2590,6348.495
1727031921735,ETHUSDT,ask,2590,6350.495
1727031922981,ETHUSDT,ask,2590,6348.495
1727031924982,ETHUSDT,ask,2590,6350.495
1727031928105,ETHUSDT,ask,2590,6348.495
1727031931243,ETHUSDT,ask,2590,6350.495
1727031933905,ETHUSDT,ask,2590,6348.495
1727031946651,ETHUSDT,ask,2590,6348.295
1727031972238,ETHUSDT,ask,2600,7591.858
1727032024364,ETHUSDT,bid,2420,4565.481
1727032066483,ETHUSDT,ask,2600,7591.03
1727032068234,ETHUSDT,ask,2590,6358.295
1727032089461,ETHUSDT,bid,2420,4568.307
1727032120507,ETHUSDT,ask,2600,7590.78
1727032256193,ETHUSDT,bid,2420,4568.323
1727032256193,ETHUSDT,ask,2600,7590.795
1727032350802,ETHUSDT,ask,2600,7591.509
1727032385510,ETHUSDT,ask,2600,7594.376
1727032408908,ETHUSDT,ask,2590,6348.295
1727032420230,ETHUSDT,ask,2600,7594.728
1727032674437,ETHUSDT,bid,2490,4100.512
1727032720107,ETHUSDT,ask,2600,7592.728
1727032740616,ETHUSDT,ask,2600,7619.906
1727032746093,ETHUSDT,ask,2600,7592.728
1727032780566,ETHUSDT,ask,2600,7592.736
1727032790864,ETHUSDT,ask,2600,7592.305
1727032797348,ETHUSDT,ask,2590,6348.795
1727032819772,ETHUSDT,bid,2490,4101.313
1727032836047,ETHUSDT,ask,2600,7592.232
1727032845359,ETHUSDT,ask,2600,7592.039
1727032847519,ETHUSDT,ask,2590,6348.602
1727032922723,ETHUSDT,bid,2490,4101.273
1727032922921,ETHUSDT,ask,3040,3300.952
1727032943355,ETHUSDT,ask,2600,7588.155
1727033075423,ETHUSDT,bid,2460,4194.26
1727033154516,ETHUSDT,ask,2590,6348.422
1727033155649,ETHUSDT,ask,2590,6346.422
1727033174457,ETHUSDT,ask,2600,7588.62
1727033186703,ETHUSDT,bid,2460,4194.381
1727033257322,ETHUSDT,ask,2600,7588.12
1727033281418,ETHUSDT,ask,2600,7586.967
1727033382502,ETHUSDT,ask,2590,6346.379
1727033414794,ETHUSDT,ask,2590,6341.563
1727033555321,ETHUSDT,bid,2490,4099.27
1727033578628,ETHUSDT,ask,2590,6355.067
1727033770226,ETHUSDT,ask,2580,6090.345
1727033782165,ETHUSDT,ask,2580,6090.734
1727033783406,ETHUSDT,bid,2030,5065.908
1727033897283,ETHUSDT,ask,2600,7589.952
1727033906302,ETHUSDT,ask,2600,7589.989
1727033911386,ETHUSDT,ask,2580,6090.81
1727034045219,ETHUSDT,ask,2580,6090.772
1727034057347,ETHUSDT,ask,2600,7590.032
1727034069871,ETHUSDT,ask,2600,7589.989
1727034089071,ETHUSDT,ask,2600,7590.032
1727034182076,ETHUSDT,ask,2600,7589.989
1727034201277,ETHUSDT,ask,2580,6090.816
1727034217604,ETHUSDT,ask,2580,6090.772
1727034236170,ETHUSDT,ask,2580,6090.792
1727034237402,ETHUSDT,ask,2580,6090.772
1727034252226,ETHUSDT,ask,2580,6091.772
1727034296259,ETHUSDT,ask,2580,6091.816
1727034398059,ETHUSDT,ask,2580,6091.772
1727034431212,ETHUSDT,ask,2600,7590.032
1727034439509,ETHUSDT,ask,2580,6093.772
1727034455630,ETHUSDT,ask,2580,6095.167
1727034461605,ETHUSDT,ask,2580,6093.772
1727034477435,ETHUSDT,ask,2580,6095.167
1727034616836,ETHUSDT,bid,2420,4565.497
1727034639279,ETHUSDT,ask,2580,6095.129
1727034755905,ETHUSDT,ask,2600,7591.215
1727034768104,ETHUSDT,ask,2580,6095.156
1727034768721,ETHUSDT,ask,2580,6095.129
1727034796550,ETHUSDT,ask,2600,7591.315
1727034805589,ETHUSDT,ask,2580,6096.129
1727034816216,ETHUSDT,ask,2580,6096.15
1727034816216,ETHUSDT,ask,2600,7591.294
1727034830334,ETHUSDT,ask,2580,6096.25
1727034881980,ETHUSDT,ask,2580,6096.353
1727034882801,ETHUSDT,ask,2580,6096.25
1727034890506,ETHUSDT,ask,2580,6096.15
1727034904848,ETHUSDT,ask,2600,7591.286
1727034934312,ETHUSDT,ask,2600,7592.522
1727034941309,ETHUSDT,ask,2580,6096.45
1727034946613,ETHUSDT,ask,2600,7593.522
1727034973633,ETHUSDT,ask,2580,6098.67
1727034979663,ETHUSDT,bid,2460,4187.381
1727034988621,ETHUSDT,ask,2580,6098.67
1727034990869,ETHUSDT,ask,2580,6098.43
1727035003321,ETHUSDT,ask,2580,6101.124
1727035004948,ETHUSDT,ask,2580,6100.737
1727035005970,ETHUSDT,ask,2580,6100.637
1727035011586,ETHUSDT,ask,2580,6119.635
1727035013417,ETHUSDT,ask,2580,6119.325
1727035015467,ETHUSDT,ask,2600,7593.532
1727035028832,ETHUSDT,ask,2580,6125.738
1727035036318,ETHUSDT,ask,2580,6098.57
1727035039593,ETHUSDT,ask,2580,6098.33
1727035045412,ETHUSDT,ask,2580,6098.551
1727035046335,ETHUSDT,ask,2580,6098.33
1727035089049,ETHUSDT,ask,2580,6098.367
1727035089049,ETHUSDT,ask,2600,7593.558
1727035092831,ETHUSDT,ask,2580,6098.394
1727035095382,ETHUSDT,ask,2580,6098.367
1727035122757,ETHUSDT,ask,2580,6099.367
1727035124408,ETHUSDT,ask,2580,6097.367
1727035126234,ETHUSDT,ask,2600,7592.558
1727035132292,ETHUSDT,bid,2460,4187.363
1727035206399,ETHUSDT,ask,2580,6109.972
1727035209062,ETHUSDT,ask,2600,7595.283
1727035217041,ETHUSDT,ask,2600,7595.666
1727035238864,ETHUSDT,ask,2580,6109.935
1727035238864,ETHUSDT,ask,2600,7595.63
1727035271562,ETHUSDT,ask,2580,6117.935
1727035272489,ETHUSDT,ask,2580,6109.935
1727035329304,ETHUSDT,ask,2580,6111.245
1727035335305,ETHUSDT,ask,2580,6110.935
1727035357255,ETHUSDT,ask,2580,6110.961
1727035357255,ETHUSDT,ask,2600,7595.656
1727035388561,ETHUSDT,ask,2580,6110.761
1727035394017,ETHUSDT,ask,2580,6111.071
1727035397690,ETHUSDT,ask,2600,7595.756
1727035407722,ETHUSDT,ask,2580,6110.761
1727035423842,ETHUSDT,ask,2580,6110.761
1727035425581,ETHUSDT,ask,2580,6111.001
1727035427217,ETHUSDT,ask,2580,6099.396
1727035428126,ETHUSDT,ask,2580,6099.666
1727035431204,ETHUSDT,ask,2580,6099.426
1727035433956,ETHUSDT,ask,2580,6099.291
1727035434577,ETHUSDT,ask,2580,6100.281
1727035438273,ETHUSDT,ask,2580,6100.146
1727035438378,ETHUSDT,ask,2580,6110.146
1727035444441,ETHUSDT,ask,2580,6110.296
1727035445151,ETHUSDT,ask,2580,6110.606
1727035454955,ETHUSDT,ask,2580,6110.296
1727035467978,ETHUSDT,ask,2580,6110.76
1727035471604,ETHUSDT,ask,2580,6109.76
1727035483026,ETHUSDT,ask,2580,6110.01
1727035509857,ETHUSDT,ask,2600,7599.847
1727035559314,ETHUSDT,ask,2580,6106.89
1727035565693,ETHUSDT,ask,2580,6105.89
1727035570348,ETHUSDT,ask,2600,7596.006
1727035592796,ETHUSDT,ask,2580,6105.917
1727035593406,ETHUSDT,ask,2580,6105.89
1727035648107,ETHUSDT,ask,2580,6105.908
1727035663454,ETHUSDT,ask,2580,6106.011
1727035664373,ETHUSDT,ask,2580,6105.908
1727035711551,ETHUSDT,ask,2580,6204.863
1727035730119,ETHUSDT,ask,2580,6194.855
1727035765809,ETHUSDT,ask,2580,6096.094
1727035770025,ETHUSDT,ask,2580,6095.094
1727035780936,ETHUSDT,ask,2580,6096.857
1727035798096,ETHUSDT,ask,2580,6097.653
1727035798608,ETHUSDT,ask,2580,6098.133
1727035800651,ETHUSDT,ask,2580,6097.653
1727035814335,ETHUSDT,ask,2580,6098.653
1727035816696,ETHUSDT,ask,2580,6106.653
1727035818225,ETHUSDT,ask,2580,6098.979
1727035827020,ETHUSDT,ask,2580,6106.979
1727035828983,ETHUSDT,ask,2580,6098.979
1727035836607,ETHUSDT,ask,2580,6098.99
1727035839186,ETHUSDT,ask,2580,6098.963
1727035842907,ETHUSDT,ask,2580,6097.973
1727035844022,ETHUSDT,ask,2580,6097.663
1727035848033,ETHUSDT,ask,2580,6096.673
1727035865234,ETHUSDT,ask,2580,6097.663
1727035868908,ETHUSDT,ask,2580,6097.798
1727035889250,ETHUSDT,ask,2580,6105.798
1727035891003,ETHUSDT,ask,2580,6105.663
1727035892560,ETHUSDT,ask,2600,7595.992
1727035893269,ETHUSDT,ask,2580,6097.663
1727035894326,ETHUSDT,ask,2580,6105.663
1727035895341,ETHUSDT,ask,2580,6097.663
1727035912896,ETHUSDT,ask,2600,7596.992
1727035913101,ETHUSDT,ask,2600,7596.983
1727035914735,ETHUSDT,ask,2580,6097.663
1727035932023,ETHUSDT,ask,2600,7597.752
1727035946107,ETHUSDT,ask,2600,7597.829
1727036011389,ETHUSDT,ask,2580,6099.97
1727036027854,ETHUSDT,ask,2600,7597.882
1727036084729,ETHUSDT,ask,2580,6146.494
1727036127824,ETHUSDT,ask,2600,7596.885
1727036171538,ETHUSDT,ask,2580,6100.078
1727036172147,ETHUSDT,ask,2580,6099.078
1727036174409,ETHUSDT,ask,2580,6100.068
1727036175021,ETHUSDT,ask,2600,7596.116
1727036182280,ETHUSDT,ask,2600,7596.951
1727036189425,ETHUSDT,ask,2580,6000.37
1727036189526,ETHUSDT,ask,2580,6000.389
1727036189626,ETHUSDT,ask,2580,6000.729
1727036191369,ETHUSDT,ask,2580,6000.71
1727036191890,ETHUSDT,ask,2580,6000.651
1727036192910,ETHUSDT,ask,2580,6016.162
1727036194974,ETHUSDT,ask,2580,6015.481
1727036211730,ETHUSDT,ask,2580,5369.453
1727036211831,ETHUSDT,ask,2580,5368.381
1727036211932,ETHUSDT,ask,2580,5350.0
1727036212033,ETHUSDT,ask,2580,5350.008
1727036212133,ETHUSDT,ask,2580,5350.019
1727036212745,ETHUSDT,ask,2580,5350.099
1727036213049,ETHUSDT,ask,2580,5368.205
1727036213155,ETHUSDT,ask,2580,5350.099
1727036214072,ETHUSDT,ask,2580,5350.199
1727036215119,ETHUSDT,ask,2580,5350.199
1727036215739,ETHUSDT,ask,2580,5350.119
1727036216043,ETHUSDT,ask,2580,5368.225
1727036216147,ETHUSDT,ask,2580,5350.119
1727036217068,ETHUSDT,ask,2580,5350.119
1727036218124,ETHUSDT,ask,2580,5350.119
1727036219047,ETHUSDT,ask,2580,5368.225
1727036219147,ETHUSDT,ask,2580,5350.119
1727036220073,ETHUSDT,ask,2580,5350.119
1727036221090,ETHUSDT,ask,2580,5350.019
1727036234807,ETHUSDT,ask,2600,7595.951
1727036238936,ETHUSDT,ask,2600,7594.413
1727036304802,ETHUSDT,bid,2420,4565.546
1727036304802,ETHUSDT,ask,2600,7594.459
1727036325090,ETHUSDT,ask,2600,7594.461
1727036327970,ETHUSDT,ask,2580,5360.766
1727036328073,ETHUSDT,ask,2580,5360.766
1727036328275,ETHUSDT,ask,2580,5360.755
1727036329106,ETHUSDT,ask,2580,5360.755
1727036330042,ETHUSDT,ask,2580,5378.861
1727036330135,ETHUSDT,ask,2580,5360.755
1727036331069,ETHUSDT,ask,2580,5360.755
1727036332111,ETHUSDT,ask,2580,5360.763
1727036333125,ETHUSDT,ask,2580,5360.763
1727036334152,ETHUSDT,ask,2580,5360.776
1727036335184,ETHUSDT,ask,2580,5361.239
1727036336121,ETHUSDT,ask,2580,5361.239
1727036339250,ETHUSDT,ask,2580,5361.228
1727036339447,ETHUSDT,ask,2580,5361.239
1727036340107,ETHUSDT,ask,2580,5361.239
1727036341734,ETHUSDT,ask,2580,5359.732
1727036349271,ETHUSDT,ask,2580,5359.85
1727036349571,ETHUSDT,ask,2580,5359.861
1727036349684,ETHUSDT,ask,2580,5359.991
1727036355193,ETHUSDT,ask,2580,5359.5
1727036360652,ETHUSDT,ask,2580,5359.915
1727036362396,ETHUSDT,ask,2580,5357.587
1727036365486,ETHUSDT,ask,2580,5357.587
1727036380861,ETHUSDT,ask,2580,5357.933
1727036382410,ETHUSDT,ask,2580,5353.089
1727036404554,ETHUSDT,ask,2580,5355.026
1727036407532,ETHUSDT,ask,2580,5376.439
1727036408151,ETHUSDT,ask,2580,5376.759
1727036410328,ETHUSDT,ask,2600,7594.943
1727036411448,ETHUSDT,ask,2580,5358.154
1727036412061,ETHUSDT,ask,2580,5376.26
1727036412164,ETHUSDT,ask,2580,5358.154
1727036413083,ETHUSDT,ask,2580,5358.154
1727036414108,ETHUSDT,ask,2580,5358.154
1727036414641,ETHUSDT,bid,2220,4566.23
1727036414641,ETHUSDT,ask,2580,5358.025
1727036415047,ETHUSDT,ask,2580,5376.131
1727036415147,ETHUSDT,ask,2580,5358.025
1727036415655,ETHUSDT,ask,2580,5370.425
1727036416079,ETHUSDT,ask,2580,5370.425
1727036416175,ETHUSDT,ask,2580,5358.025
1727036417103,ETHUSDT,ask,2580,5358.025
1727036418033,ETHUSDT,ask,2580,5376.131
1727036418130,ETHUSDT,ask,2580,5358.025
1727036418984,ETHUSDT,ask,2580,5357.545
1727036419087,ETHUSDT,ask,2580,5357.545
1727036422049,ETHUSDT,ask,2580,5375.666
1727036422153,ETHUSDT,ask,2580,5357.56
1727036423104,ETHUSDT,ask,2580,5357.56
1727036424034,ETHUSDT,ask,2580,5375.666
1727036424139,ETHUSDT,ask,2580,5357.56
1727036425064,ETHUSDT,ask,2580,5357.56
1727036426103,ETHUSDT,ask,2580,5357.56
1727036427047,ETHUSDT,ask,2580,5375.666
1727036427153,ETHUSDT,ask,2580,5357.56
1727036428092,ETHUSDT,ask,2580,5357.56
1727036429042,ETHUSDT,ask,2580,5375.666
1727036429146,ETHUSDT,ask,2580,5357.56
1727036430088,ETHUSDT,ask,2580,5361.435
1727036430498,ETHUSDT,ask,2580,5361.915
1727036431113,ETHUSDT,ask,2580,5361.915
1727036432136,ETHUSDT,ask,2580,5361.915
1727036433063,ETHUSDT,ask,2580,5361.915
1727036433575,ETHUSDT,ask,2580,5361.785
1727036434100,ETHUSDT,ask,2580,5361.785
1727036435124,ETHUSDT,ask,2580,5361.785
1727036436051,ETHUSDT,ask,2580,5379.891
1727036436148,ETHUSDT,ask,2580,5361.785
1727036437079,ETHUSDT,ask,2580,5361.785
1727036438110,ETHUSDT,ask,2580,5361.785
1727036439133,ETHUSDT,ask,2580,5361.785
1727036440067,ETHUSDT,ask,2580,5361.785
1727036441103,ETHUSDT,ask,2580,5361.785
1727036442034,ETHUSDT,ask,2580,5379.891
1727036442137,ETHUSDT,ask,2580,5361.785
1727036443056,ETHUSDT,ask,2580,5361.785
1727036445037,ETHUSDT,ask,2580,5379.891
1727036445137,ETHUSDT,ask,2580,5361.785
1727036446079,ETHUSDT,ask,2580,5379.891
1727036446175,ETHUSDT,ask,2580,5361.785
1727036447109,ETHUSDT,ask,2580,5361.785
1727036449117,ETHUSDT,ask,2580,5361.785
1727036456058,ETHUSDT,ask,2580,5379.891
1727036456165,ETHUSDT,ask,2580,5361.785
1727036461662,ETHUSDT,ask,2580,5359.987
1727036463791,ETHUSDT,ask,2580,5359.957
1727036464086,ETHUSDT,ask,2580,5359.957
1727036464606,ETHUSDT,ask,2580,5361.509
1727036464708,ETHUSDT,ask,2580,5362.285
1727036465112,ETHUSDT,ask,2580,5362.285
1727036466045,ETHUSDT,ask,2580,5380.391
1727036466144,ETHUSDT,ask,2580,5362.285
1727036466868,ETHUSDT,ask,2580,5362.596
1727036467072,ETHUSDT,ask,2580,5362.596
1727036467176,ETHUSDT,ask,2580,5362.596
1727036467275,ETHUSDT,ask,2580,5370.352
1727036468098,ETHUSDT,ask,2580,5362.596
1727036468810,ETHUSDT,ask,2580,5362.716
1727036469113,ETHUSDT,ask,2580,5362.716
1727036470054,ETHUSDT,ask,2580,5362.716
1727036471091,ETHUSDT,ask,2580,5362.716
1727036472037,ETHUSDT,ask,2580,5380.822
1727036472146,ETHUSDT,ask,2580,5362.716
1727036472356,ETHUSDT,ask,2580,5369.641
1727036472462,ETHUSDT,ask,2580,5373.518
1727036472871,ETHUSDT,ask,2580,5369.508
1727036472972,ETHUSDT,ask,2580,5360.985
1727036473072,ETHUSDT,ask,2580,5360.996
1727036473481,ETHUSDT,ask,2580,5361.004
1727036474103,ETHUSDT,ask,2580,5361.004
1727036475036,ETHUSDT,ask,2580,5379.11
1727036475132,ETHUSDT,ask,2580,5361.004
1727036476067,ETHUSDT,ask,2580,5361.004
1727036478026,ETHUSDT,ask,2580,5379.11
1727036478128,ETHUSDT,ask,2580,5361.004
1727036478642,ETHUSDT,ask,2580,5360.996
1727036479050,ETHUSDT,ask,2580,5379.102
1727036479152,ETHUSDT,ask,2580,5360.996
1727036479253,ETHUSDT,ask,2580,5362.541
1727036480082,ETHUSDT,ask,2580,5362.541
1727036481102,ETHUSDT,ask,2580,5362.541
1727036481805,ETHUSDT,ask,2580,5378.061
1727036482030,ETHUSDT,ask,2580,5396.167
1727036482128,ETHUSDT,ask,2580,5378.061
1727036483102,ETHUSDT,ask,2580,5378.061
1727036484070,ETHUSDT,ask,2580,5378.061
1727036485026,ETHUSDT,ask,2580,5396.167
1727036485126,ETHUSDT,ask,2580,5378.061
1727036486047,ETHUSDT,ask,2580,5396.167
1727036486155,ETHUSDT,ask,2580,5378.061
1727036487082,ETHUSDT,ask,2580,5378.061
1727036488107,ETHUSDT,ask,2580,5378.061
1727036488729,ETHUSDT,ask,2580,5362.541
1727036489051,ETHUSDT,ask,2580,5380.647
1727036489159,ETHUSDT,ask,2580,5362.541
1727036490091,ETHUSDT,ask,2580,5362.541
1727036491110,ETHUSDT,ask,2580,5362.541
1727036492086,ETHUSDT,ask,2580,5362.541
1727036493023,ETHUSDT,ask,2580,5380.647
1727036493127,ETHUSDT,ask,2580,5362.541
1727036494042,ETHUSDT,ask,2580,5380.647
1727036494143,ETHUSDT,ask,2580,5362.541
1727036495102,ETHUSDT,ask,2580,5362.541
1727036496020,ETHUSDT,ask,2580,5380.647
1727036496120,ETHUSDT,ask,2580,5362.541
1727036497047,ETHUSDT,ask,2580,5385.247
1727036497147,ETHUSDT,ask,2580,5367.317
1727036497250,ETHUSDT,ask,2580,5367.493
1727036498075,ETHUSDT,ask,2580,5367.493
1727036499105,ETHUSDT,ask,2580,5367.493
1727036499720,ETHUSDT,ask,2580,5362.893
1727036500136,ETHUSDT,ask,2580,5362.893
1727036501060,ETHUSDT,ask,2580,5361.348
1727036501168,ETHUSDT,ask,2580,5361.337
1727036502104,ETHUSDT,ask,2580,5361.337
1727036503026,ETHUSDT,ask,2580,5379.443
1727036503134,ETHUSDT,ask,2580,5361.337
1727036504098,ETHUSDT,ask,2580,5361.337
1727036505079,ETHUSDT,ask,2580,5361.337
1727036506105,ETHUSDT,ask,2580,5361.337
1727036507034,ETHUSDT,ask,2580,5379.443
1727036507132,ETHUSDT,ask,2580,5361.337
1727036508064,ETHUSDT,ask,2580,5361.337
1727036509103,ETHUSDT,ask,2580,5361.337
1727036510054,ETHUSDT,ask,2580,5379.443
1727036510155,ETHUSDT,ask,2580,5361.337
1727036511083,ETHUSDT,ask,2580,5361.337
1727036512103,ETHUSDT,ask,2580,5361.337
1727036513030,ETHUSDT,ask,2580,5379.443
1727036513130,ETHUSDT,ask,2580,5361.337
1727036514063,ETHUSDT,ask,2580,5361.337
1727036515102,ETHUSDT,ask,2580,5361.337
1727036515931,ETHUSDT,ask,2580,5362.947
1727036516033,ETHUSDT,ask,2580,5381.053
1727036516133,ETHUSDT,ask,2580,5362.947
1727036516451,ETHUSDT,ask,2580,5362.147
1727036517072,ETHUSDT,ask,2580,5362.147
1727036517277,ETHUSDT,ask,2580,5362.27
1727036517481,ETHUSDT,ask,2580,5361.47
1727036518104,ETHUSDT,ask,2580,5361.652
1727036519036,ETHUSDT,ask,2580,5379.758
1727036519138,ETHUSDT,ask,2580,5361.652
1727036520075,ETHUSDT,ask,2580,5361.652
1727036522036,ETHUSDT,ask,2580,5379.758
1727036522126,ETHUSDT,ask,2580,5361.652
1727036523058,ETHUSDT,ask,2580,5361.652
1727036524115,ETHUSDT,ask,2580,5361.652
1727036525070,ETHUSDT,ask,2580,5361.652
1727036525683,ETHUSDT,ask,2580,5365.841
1727036526093,ETHUSDT,ask,2580,5365.841
1727036527119,ETHUSDT,ask,2580,5365.841
1727036527335,ETHUSDT,ask,2580,5361.642
1727036528060,ETHUSDT,ask,2580,5379.748
1727036528163,ETHUSDT,ask,2580,5361.642
1727036529106,ETHUSDT,ask,2580,5361.642
1727036530040,ETHUSDT,ask,2580,5379.748
1727036530144,ETHUSDT,ask,2580,5361.642
1727036532091,ETHUSDT,ask,2580,5361.642
1727036533113,ETHUSDT,ask,2580,5361.642
1727036534091,ETHUSDT,ask,2580,5361.642
1727036535396,ETHUSDT,ask,2580,5362.175
1727036536109,ETHUSDT,ask,2580,5362.175
1727036537038,ETHUSDT,ask,2580,5380.281
1727036537146,ETHUSDT,ask,2580,5362.175
1727036537653,ETHUSDT,ask,2580,5377.685
