2024-08-19 07:00:59,BTCUSDT,ask,62500,532.655
2024-08-19 07:09:00,BTCUSDT,ask,65000,535.301
2024-08-19 07:11:31,BTCUSDT,ask,65000,535.303
2024-08-19 07:11:41,BTCUSDT,bid,58100,516.032
2024-08-19 07:12:50,BTCUSDT,ask,65000,534.992
2024-08-19 07:12:52,BTCUSDT,ask,65000,534.99
2024-08-19 07:12:52,BTCUSDT,ask,65500,510.242
2024-08-19 07:13:21,BTCUSDT,bid,58200,519.964
2024-08-19 07:13:26,BTCUSDT,bid,58200,519.962
2024-08-19 07:18:40,BTCUSDT,ask,65000,535.005
2024-08-19 07:19:27,BTCUSDT,bid,47000,881.991
2024-08-19 07:27:25,BTCUSDT,ask,65000,534.995
2024-08-19 07:03:10,BTCUSD_PERP,bid,57900,571.18
2024-08-19 07:03:30,BTCUSD_PERP,bid,57800,742.02
2024-08-19 07:03:30,BTCUSD_PERP,bid,57800,799.33
2024-08-19 07:03:32,BTCUSD_PERP,bid,57800,569.89
2024-08-19 07:03:32,BTCUSD_PERP,bid,57800,627.17
2024-08-19 07:04:06,BTCUSD_PERP,bid,57700,569.61
2024-08-19 07:04:06,BTCUSD_PERP,bid,57700,626.8
2024-08-19 07:04:26,BTCUSD_PERP,bid,57700,593.93
2024-08-19 07:04:26,BTCUSD_PERP,bid,57700,651.09
2024-08-19 07:05:51,BTCUSD_PERP,bid,57700,569.48
2024-08-19 07:05:51,BTCUSD_PERP,bid,57700,626.67
2024-08-19 07:06:29,BTCUSD_PERP,bid,57800,572.1
2024-08-19 07:06:29,BTCUSD_PERP,bid,57800,628.74
2024-08-19 07:06:30,BTCUSD_PERP,bid,57800,685.38
2024-08-19 07:06:34,BTCUSD_PERP,bid,57800,628.74
2024-08-19 07:06:34,BTCUSD_PERP,bid,57800,572.1
2024-08-19 07:06:42,BTCUSD_PERP,bid,57800,572.31
2024-08-19 07:06:42,BTCUSD_PERP,bid,57800,629.02
2024-08-19 07:06:42,BTCUSD_PERP,bid,57800,686.32
2024-08-19 07:06:43,BTCUSD_PERP,bid,57800,743.03
2024-08-19 07:06:45,BTCUSD_PERP,bid,57800,628.6
2024-08-19 07:06:46,BTCUSD_PERP,bid,57800,685.86
2024-08-19 07:06:52,BTCUSD_PERP,bid,57800,628.6
2024-08-19 07:07:12,BTCUSD_PERP,bid,57800,628.35
2024-08-19 07:07:12,BTCUSD_PERP,bid,57800,685.64
2024-08-19 07:07:29,BTCUSD_PERP,bid,57800,571.64
2024-08-19 07:07:31,BTCUSD_PERP,bid,57900,569.72
2024-08-19 07:07:31,BTCUSD_PERP,bid,57900,684.38
2024-08-19 07:07:31,BTCUSD_PERP,bid,57900,856.37
2024-08-19 07:07:40,BTCUSD_PERP,bid,57900,684.96
2024-08-19 07:07:40,BTCUSD_PERP,bid,57800,570.58
2024-08-19 07:07:40,BTCUSD_PERP,bid,57800,627.88
2024-08-19 07:07:44,BTCUSD_PERP,bid,57800,912.68
2024-08-19 07:07:44,BTCUSD_PERP,bid,57700,556.8
2024-08-19 07:07:44,BTCUSD_PERP,bid,57800,969.95
2024-08-19 07:07:55,BTCUSD_PERP,bid,57800,912.68
2024-08-19 07:07:56,BTCUSD_PERP,bid,57800,856.0
2024-08-19 07:07:56,BTCUSD_PERP,bid,57800,798.73
2024-08-19 07:07:56,BTCUSD_PERP,bid,57800,685.37
2024-08-19 07:07:56,BTCUSD_PERP,bid,57800,628.2
2024-08-19 07:07:57,BTCUSD_PERP,bid,57800,570.58
2024-08-19 07:08:04,BTCUSD_PERP,bid,57800,684.82
2024-08-19 07:08:05,BTCUSD_PERP,bid,57800,742.09
2024-08-19 07:08:48,BTCUSD_PERP,bid,57800,798.36
2024-08-19 07:08:48,BTCUSD_PERP,bid,57800,855.6
2024-08-19 07:09:33,BTCUSD_PERP,bid,57800,741.12
2024-08-19 07:09:34,BTCUSD_PERP,bid,57800,683.88
2024-08-19 07:09:34,BTCUSD_PERP,bid,57800,626.64
2024-08-19 07:09:34,BTCUSD_PERP,bid,57800,569.4
2024-08-19 07:09:34,BTCUSD_PERP,bid,57800,571.53
2024-08-19 07:09:35,BTCUSD_PERP,bid,57800,628.81
2024-08-19 07:09:35,BTCUSD_PERP,bid,57800,742.79
2024-08-19 07:09:35,BTCUSD_PERP,bid,57800,856.77
2024-08-19 07:09:35,BTCUSD_PERP,bid,57800,913.47
2024-08-19 07:10:22,BTCUSD_PERP,bid,57800,742.8
2024-08-19 07:10:26,BTCUSD_PERP,bid,57800,799.33
2024-08-19 07:10:26,BTCUSD_PERP,bid,57800,856.64
2024-08-19 07:10:30,BTCUSD_PERP,bid,57800,743.18
2024-08-19 07:10:30,BTCUSD_PERP,bid,57800,627.16
2024-08-19 07:10:30,BTCUSD_PERP,bid,57800,741.62
2024-08-19 07:10:30,BTCUSD_PERP,bid,57800,798.9
2024-08-19 07:10:55,BTCUSD_PERP,bid,57800,855.59
2024-08-19 07:10:55,BTCUSD_PERP,bid,57800,912.83
2024-08-19 07:11:23,BTCUSD_PERP,bid,57800,799.51
2024-08-19 07:11:23,BTCUSD_PERP,bid,57800,742.27
2024-08-19 07:11:23,BTCUSD_PERP,bid,57800,685.03
2024-08-19 07:11:45,BTCUSD_PERP,bid,57800,627.31
2024-08-19 07:11:46,BTCUSD_PERP,bid,57800,741.79
2024-08-19 07:12:23,BTCUSD_PERP,bid,57800,684.55
2024-08-19 07:12:23,BTCUSD_PERP,bid,57800,570.07
2024-08-19 07:12:23,BTCUSD_PERP,bid,57800,628.77
2024-08-19 07:12:24,BTCUSD_PERP,bid,57800,685.46
2024-08-19 07:12:24,BTCUSD_PERP,bid,57800,799.41
2024-08-19 07:12:27,BTCUSD_PERP,bid,57800,799.45
2024-08-19 07:12:30,BTCUSD_PERP,bid,57800,742.18
2024-08-19 07:12:30,BTCUSD_PERP,bid,57800,627.64
2024-08-19 07:12:31,BTCUSD_PERP,bid,57800,570.95
2024-08-19 07:13:13,BTCUSD_PERP,bid,57900,524.54
2024-08-19 07:13:13,BTCUSD_PERP,bid,57900,581.31
2024-08-19 07:13:13,BTCUSD_PERP,bid,57900,638.66
2024-08-19 07:13:14,BTCUSD_PERP,bid,57900,695.42
2024-08-19 07:13:14,BTCUSD_PERP,bid,57900,697.5
2024-08-19 07:13:15,BTCUSD_PERP,bid,57900,698.71
2024-08-19 07:13:16,BTCUSD_PERP,bid,57900,712.59
2024-08-19 07:13:30,BTCUSD_PERP,bid,57900,597.89
2024-08-19 07:13:30,BTCUSD_PERP,bid,57900,541.12
2024-08-19 07:13:30,BTCUSD_PERP,bid,57900,629.34
2024-08-19 07:13:31,BTCUSD_PERP,bid,57900,686.72
2024-08-19 07:13:45,BTCUSD_PERP,bid,57900,572.54
2024-08-19 07:18:14,BTCUSD_PERP,bid,58100,572.86
2024-08-19 07:18:31,BTCUSD_PERP,bid,58100,630.19
2024-08-19 07:18:31,BTCUSD_PERP,bid,58100,802.87
2024-08-19 07:18:31,BTCUSD_PERP,bid,58100,859.85
2024-08-19 07:18:56,BTCUSD_PERP,bid,58100,802.29
2024-08-19 07:18:56,BTCUSD_PERP,bid,58100,687.75
2024-08-19 07:18:56,BTCUSD_PERP,bid,58100,573.21
2024-08-19 07:18:56,BTCUSD_PERP,bid,58100,572.45
2024-08-19 07:18:56,BTCUSD_PERP,bid,58100,687.41
2024-08-19 07:18:57,BTCUSD_PERP,bid,58100,744.94
2024-08-19 07:18:57,BTCUSD_PERP,bid,58100,801.89
2024-08-19 07:18:57,BTCUSD_PERP,bid,58100,859.42
2024-08-19 07:20:23,BTCUSD_PERP,bid,58100,744.36
2024-08-19 07:20:24,BTCUSD_PERP,bid,58100,572.94
2024-08-19 07:21:26,BTCUSD_PERP,bid,57800,570.67
2024-08-19 07:21:53,BTCUSD_PERP,bid,57700,627.17
2024-08-19 07:22:05,BTCUSD_PERP,bid,57700,570.04
2024-08-19 07:22:32,BTCUSD_PERP,bid,57900,571.56
2024-08-19 07:22:32,BTCUSD_PERP,bid,57900,685.66
2024-08-19 07:22:32,BTCUSD_PERP,bid,57900,799.75
2024-08-19 07:22:33,BTCUSD_PERP,bid,57900,857.09
2024-08-19 07:22:36,BTCUSD_PERP,bid,57900,742.41
2024-08-19 07:22:36,BTCUSD_PERP,bid,57800,570.66
2024-08-19 07:22:57,BTCUSD_PERP,bid,57900,570.89
2024-08-19 07:23:40,BTCUSD_PERP,bid,57800,523.01
2024-08-19 07:25:01,BTCUSD_PERP,bid,57800,627.39
2024-08-19 07:25:01,BTCUSD_PERP,bid,57800,684.69
2024-08-19 07:25:04,BTCUSD_PERP,bid,57800,627.64
2024-08-19 07:25:31,BTCUSD_PERP,bid,57800,570.37
2024-08-19 07:27:44,BTCUSD_PERP,bid,57900,628.65
2024-08-19 07:29:13,BTCUSD_PERP,bid,57900,685.66
2024-08-19 07:29:13,BTCUSD_PERP,bid,57800,557.43
2024-08-19 07:30:17,BTCUSD_PERP,bid,57800,742.64
2024-08-19 07:30:17,BTCUSD_PERP,bid,57800,557.14
2024-08-19 07:30:57,BTCUSD_PERP,bid,57900,628.89
2024-08-19 07:30:57,BTCUSD_PERP,bid,57900,685.65
2024-08-19 07:31:32,BTCUSD_PERP,bid,57800,742.6
2024-08-19 07:31:33,BTCUSD_PERP,bid,57800,557.14
