2024-08-17 07:00:37,ETHUSDT,bid,1700,6041.901
2024-08-17 07:09:26,ETHUSDT,bid,2270,4486.634
2024-08-17 07:17:02,ETHUSDT,bid,2140,5211.191
2024-08-17 07:22:14,ETHUSDT,bid,2140,5210.802
2024-08-17 07:32:37,ETHUSDT,bid,2360,4233.769
2024-08-17 07:35:56,ETHUSDT,bid,2230,4490.511
2024-08-17 07:39:57,ETHUSDT,bid,1950,5118.939
2024-08-17 07:48:43,ETHUSDT,bid,2270,4486.624
2024-08-17 07:49:50,ETHUSDT,bid,2350,4404.617
2024-08-17 08:14:03,ETHUSDT,bid,1700,6043.077
2024-08-17 08:15:47,ETHUSDT,bid,2340,4274.535
2024-08-17 08:16:37,ETHUSDT,bid,2340,4274.545
2024-08-17 08:16:37,ETHUSDT,bid,2340,4274.545
2024-08-17 08:16:38,ETHUSDT,bid,2340,4274.545
2024-08-17 08:16:39,ETHUSDT,bid,2340,4274.545
2024-08-17 08:16:40,ETHUSDT,bid,2340,4274.545
2024-08-17 08:16:41,ETHUSDT,bid,2340,4274.545
2024-08-17 08:16:42,ETHUSDT,bid,2340,4274.535
2024-08-17 08:16:42,ETHUSDT,bid,2340,4274.525
2024-08-17 08:16:42,ETHUSDT,bid,2340,4274.525
2024-08-17 08:16:43,ETHUSDT,bid,2340,4274.541
2024-08-17 08:16:43,ETHUSDT,bid,2340,4274.557
2024-08-17 08:16:44,ETHUSDT,bid,2340,4274.557
2024-08-17 08:16:45,ETHUSDT,bid,2340,4274.573
2024-08-17 08:16:45,ETHUSDT,bid,2340,4274.589
2024-08-17 08:16:45,ETHUSDT,bid,2340,4274.589
2024-08-17 08:16:46,ETHUSDT,bid,2340,4274.589
2024-08-17 08:16:46,ETHUSDT,bid,2340,4274.605
2024-08-17 08:16:47,ETHUSDT,bid,2340,4274.621
2024-08-17 08:16:47,ETHUSDT,bid,2340,4274.621
2024-08-17 08:16:48,ETHUSDT,bid,2340,4274.621
2024-08-17 08:16:49,ETHUSDT,bid,2340,4274.621
2024-08-17 08:16:50,ETHUSDT,bid,2340,4274.621
2024-08-17 08:16:51,ETHUSDT,bid,2340,4274.621
2024-08-17 08:16:52,ETHUSDT,bid,2340,4274.621
2024-08-17 08:16:53,ETHUSDT,bid,2340,4274.621
2024-08-17 08:17:00,ETHUSDT,bid,2340,4274.611
2024-08-17 08:26:44,ETHUSDT,bid,2340,4274.595
2024-08-17 08:26:44,ETHUSDT,bid,2340,4274.579
2024-08-17 08:26:45,ETHUSDT,bid,2340,4274.563
2024-08-17 08:26:45,ETHUSDT,bid,2340,4274.547
2024-08-17 08:26:47,ETHUSDT,bid,2340,4274.531
2024-08-17 08:26:47,ETHUSDT,bid,2340,4274.515
2024-08-17 08:27:10,ETHUSDT,bid,2340,4274.535
2024-08-17 08:27:11,ETHUSDT,bid,2340,4274.545
2024-08-17 08:28:11,ETHUSDT,bid,2340,4274.535
2024-08-17 08:28:12,ETHUSDT,bid,2340,4274.525
2024-08-17 08:28:13,ETHUSDT,bid,2340,4274.515
2024-08-17 08:33:20,ETHUSDT,bid,2360,4232.419
2024-08-17 08:34:14,ETHUSDT,bid,2340,4274.525
2024-08-17 08:34:15,ETHUSDT,bid,2340,4274.535
2024-08-17 08:34:56,ETHUSDT,bid,2340,4274.525
2024-08-17 08:34:56,ETHUSDT,bid,2340,4274.515
2024-08-17 08:39:33,ETHUSDT,bid,2340,4274.409
2024-08-17 08:50:09,ETHUSDT,bid,2140,5211.191
2024-08-17 08:51:14,ETHUSDT,bid,2140,5210.802
2024-08-17 08:57:01,ETHUSDT,bid,1700,6044.261
2024-08-17 09:00:17,ETHUSDT,bid,2340,4274.409
2024-08-17 09:01:05,ETHUSDT,bid,2340,4275.263
2024-08-17 09:03:59,ETHUSDT,bid,2340,4275.263
2024-08-17 09:04:00,ETHUSDT,bid,2340,4275.263
2024-08-17 09:08:00,ETHUSDT,bid,2340,4275.273
2024-08-17 09:08:52,ETHUSDT,bid,2340,4275.263
2024-08-17 09:12:42,ETHUSDT,ask,2910,3461.608
2024-08-17 09:14:49,ETHUSDT,bid,2350,4405.617
2024-08-17 09:14:55,ETHUSDT,bid,2340,4275.263
2024-08-17 09:14:55,ETHUSDT,bid,2340,4275.273
2024-08-17 09:14:55,ETHUSDT,bid,2340,4275.289
2024-08-17 09:14:55,ETHUSDT,bid,2340,4275.305
2024-08-17 09:14:56,ETHUSDT,bid,2340,4275.305
2024-08-17 09:15:05,ETHUSDT,bid,2350,4404.617
2024-08-17 09:15:23,ETHUSDT,bid,2350,4405.617
2024-08-17 09:15:43,ETHUSDT,bid,2340,4275.295
2024-08-17 09:17:22,ETHUSDT,bid,2340,4275.295
2024-08-17 09:17:23,ETHUSDT,bid,2340,4275.295
2024-08-17 09:17:24,ETHUSDT,bid,2340,4275.295
2024-08-17 09:18:00,ETHUSDT,ask,2910,3461.294
2024-08-17 09:24:56,ETHUSDT,bid,2340,4275.279
2024-08-17 09:24:56,ETHUSDT,bid,2340,4275.263
2024-08-17 09:25:49,ETHUSDT,bid,2350,4404.617
2024-08-17 09:29:31,ETHUSDT,bid,1700,6044.233
2024-08-17 09:58:18,ETHUSDT,bid,1680,5969.413
2024-08-17 10:21:46,ETHUSDT,bid,2140,4710.802
2024-08-17 10:32:03,ETHUSDT,bid,1960,5142.558
2024-08-17 10:32:03,ETHUSDT,bid,2140,4710.769
2024-08-17 10:37:10,ETHUSDT,bid,2270,4487.77
2024-08-17 10:37:10,ETHUSDT,bid,2350,4405.763
2024-08-17 10:45:25,ETHUSDT,bid,1960,5142.575
2024-08-17 10:45:25,ETHUSDT,bid,2140,4710.786
2024-08-17 11:05:30,ETHUSDT,bid,2140,4709.786
2024-08-17 11:23:11,ETHUSDT,bid,2270,4488.786
2024-08-17 11:25:15,ETHUSDT,bid,2270,4487.77
2024-08-17 11:25:41,ETHUSDT,bid,2270,4488.786
2024-08-17 11:25:46,ETHUSDT,bid,2270,4487.77
2024-08-17 11:32:43,ETHUSDT,bid,2590,8540.29
2024-08-17 11:32:43,ETHUSDT,bid,2590,8535.674
2024-08-17 11:32:43,ETHUSDT,bid,2590,8535.674
2024-08-17 11:32:43,ETHUSDT,bid,2590,8535.685
2024-08-17 11:32:44,ETHUSDT,bid,2590,8536.292
2024-08-17 11:32:44,ETHUSDT,bid,2590,8536.872
2024-08-17 11:32:44,ETHUSDT,bid,2590,8545.158
2024-08-17 11:32:44,ETHUSDT,bid,2590,8536.872
2024-08-17 11:32:45,ETHUSDT,bid,2590,8547.083
2024-08-17 11:32:45,ETHUSDT,bid,2590,8538.797
2024-08-17 11:32:45,ETHUSDT,bid,2590,8539.182
2024-08-17 11:32:45,ETHUSDT,bid,2590,8537.257
2024-08-17 11:32:45,ETHUSDT,bid,2590,8537.353
2024-08-17 11:32:45,ETHUSDT,bid,2590,8538.028
2024-08-17 11:32:46,ETHUSDT,bid,2590,8546.314
2024-08-17 11:32:46,ETHUSDT,bid,2590,8538.028
2024-08-17 11:32:47,ETHUSDT,bid,2590,8538.028
2024-08-17 11:32:49,ETHUSDT,bid,2590,8538.028
2024-08-17 11:32:50,ETHUSDT,bid,2590,8538.028
2024-08-17 11:32:51,ETHUSDT,bid,2590,8538.028
2024-08-17 11:32:51,ETHUSDT,bid,2590,8537.932
2024-08-17 11:32:52,ETHUSDT,bid,2590,8539.857
2024-08-17 11:32:52,ETHUSDT,bid,2590,8538.695
2024-08-17 11:32:53,ETHUSDT,bid,2590,8538.657
2024-08-17 11:32:55,ETHUSDT,bid,2590,8542.193
2024-08-17 11:32:56,ETHUSDT,bid,2590,8538.657
2024-08-17 11:32:56,ETHUSDT,bid,2590,8537.017
2024-08-17 11:32:59,ETHUSDT,bid,2590,8537.417
2024-08-17 11:33:00,ETHUSDT,bid,2590,8537.017
2024-08-17 11:33:00,ETHUSDT,bid,2590,8537.055
2024-08-17 11:33:00,ETHUSDT,bid,2590,8535.092
2024-08-17 11:33:01,ETHUSDT,bid,2590,8535.112
2024-08-17 11:33:02,ETHUSDT,bid,2590,8535.092
2024-08-17 11:33:03,ETHUSDT,bid,2590,8543.378
2024-08-17 11:33:03,ETHUSDT,bid,2590,8535.092
2024-08-17 11:33:04,ETHUSDT,bid,2590,8535.092
2024-08-17 11:33:04,ETHUSDT,bid,2590,8535.578
2024-08-17 11:33:05,ETHUSDT,bid,2590,8544.241
2024-08-17 11:33:05,ETHUSDT,bid,2590,8535.092
2024-08-17 11:33:06,ETHUSDT,bid,2590,8535.092
2024-08-17 11:33:06,ETHUSDT,bid,2590,8537.045
2024-08-17 11:33:07,ETHUSDT,bid,2590,8537.045
2024-08-17 11:33:07,ETHUSDT,bid,2590,8535.092
2024-08-17 11:33:08,ETHUSDT,bid,2590,8535.092
2024-08-17 11:33:08,ETHUSDT,bid,2590,8535.578
2024-08-17 11:33:09,ETHUSDT,bid,2590,8535.578
2024-08-17 11:33:09,ETHUSDT,bid,2590,8535.092
2024-08-17 11:33:10,ETHUSDT,bid,2590,8535.578
2024-08-17 11:33:10,ETHUSDT,bid,2590,8543.864
2024-08-17 11:33:10,ETHUSDT,bid,2590,8535.578
2024-08-17 11:33:10,ETHUSDT,bid,2590,8535.092
2024-08-17 11:33:11,ETHUSDT,bid,2590,8535.092
2024-08-17 11:33:12,ETHUSDT,bid,2590,8543.378
2024-08-17 11:33:12,ETHUSDT,bid,2590,8535.092
2024-08-17 11:33:12,ETHUSDT,bid,2590,8546.622
2024-08-17 11:33:13,ETHUSDT,bid,2590,8555.285
2024-08-17 11:33:13,ETHUSDT,bid,2590,8546.622
2024-08-17 11:33:13,ETHUSDT,bid,2590,8535.311
2024-08-17 11:33:14,ETHUSDT,bid,2590,8543.597
2024-08-17 11:33:14,ETHUSDT,bid,2590,8535.311
2024-08-17 11:33:15,ETHUSDT,bid,2590,8535.32
2024-08-17 11:33:15,ETHUSDT,bid,2590,8535.32
2024-08-17 11:33:16,ETHUSDT,bid,2590,8536.09
2024-08-17 11:33:16,ETHUSDT,bid,2590,8535.264
2024-08-17 11:33:16,ETHUSDT,bid,2590,8534.494
2024-08-17 11:33:17,ETHUSDT,bid,2590,8542.78
2024-08-17 11:33:17,ETHUSDT,bid,2590,8534.494
2024-08-17 11:33:18,ETHUSDT,bid,2590,8542.78
2024-08-17 11:33:18,ETHUSDT,bid,2590,8534.494
2024-08-17 11:33:19,ETHUSDT,bid,2590,8534.494
2024-08-17 11:33:21,ETHUSDT,bid,2590,8542.78
2024-08-17 11:33:21,ETHUSDT,bid,2590,8534.494
2024-08-17 11:33:21,ETHUSDT,bid,2590,8534.51
2024-08-17 11:33:22,ETHUSDT,bid,2590,8534.51
2024-08-17 11:33:22,ETHUSDT,bid,2590,8535.31
2024-08-17 11:33:22,ETHUSDT,bid,2590,8534.51
2024-08-17 11:33:24,ETHUSDT,bid,2590,8534.51
2024-08-17 11:33:24,ETHUSDT,bid,2590,8540.282
2024-08-17 11:33:25,ETHUSDT,bid,2590,8540.282
2024-08-17 11:33:27,ETHUSDT,bid,2590,8541.282
2024-08-17 11:33:28,ETHUSDT,bid,2590,8540.282
2024-08-17 11:33:28,ETHUSDT,bid,2590,8540.282
2024-08-17 11:33:28,ETHUSDT,bid,2590,8540.282
2024-08-17 11:33:29,ETHUSDT,bid,2590,8548.945
2024-08-17 11:33:29,ETHUSDT,bid,2590,8540.282
2024-08-17 11:33:30,ETHUSDT,bid,2590,8548.568
2024-08-17 11:33:30,ETHUSDT,bid,2590,8540.282
2024-08-17 11:33:31,ETHUSDT,bid,2590,8540.282
2024-08-17 11:33:31,ETHUSDT,bid,2590,8535.28
2024-08-17 11:33:33,ETHUSDT,bid,2590,8543.566
2024-08-17 11:33:33,ETHUSDT,bid,2590,8535.28
2024-08-17 11:33:34,ETHUSDT,bid,2590,8543.566
2024-08-17 11:33:34,ETHUSDT,bid,2590,8535.28
2024-08-17 11:33:35,ETHUSDT,bid,2590,8543.566
2024-08-17 11:33:35,ETHUSDT,bid,2590,8535.28
2024-08-17 11:33:35,ETHUSDT,bid,2590,8534.895
2024-08-17 11:33:39,ETHUSDT,bid,2590,8534.518
2024-08-17 11:33:39,ETHUSDT,bid,2590,8535.004
2024-08-17 11:33:40,ETHUSDT,bid,2590,8535.004
2024-08-17 11:33:41,ETHUSDT,bid,2590,8543.29
2024-08-17 11:33:41,ETHUSDT,bid,2590,8535.004
2024-08-17 11:33:41,ETHUSDT,bid,2590,8534.518
2024-08-17 11:33:42,ETHUSDT,bid,2590,8534.518
2024-08-17 11:33:43,ETHUSDT,bid,2590,8534.502
2024-08-17 11:33:43,ETHUSDT,bid,2590,8542.788
2024-08-17 11:33:43,ETHUSDT,bid,2590,8534.502
2024-08-17 11:33:44,ETHUSDT,bid,2590,8536.455
2024-08-17 11:33:44,ETHUSDT,bid,2590,8544.741
2024-08-17 11:33:44,ETHUSDT,bid,2590,8536.455
2024-08-17 11:33:45,ETHUSDT,bid,2590,8534.502
2024-08-17 11:33:45,ETHUSDT,bid,2590,8534.502
2024-08-17 11:33:46,ETHUSDT,bid,2590,8542.788
2024-08-17 11:33:46,ETHUSDT,bid,2590,8534.502
2024-08-17 11:33:47,ETHUSDT,bid,2590,8542.788
2024-08-17 11:33:47,ETHUSDT,bid,2590,8534.502
2024-08-17 11:33:47,ETHUSDT,bid,2590,8534.494
2024-08-17 11:33:48,ETHUSDT,bid,2590,8534.494
2024-08-17 11:33:48,ETHUSDT,bid,2590,8534.725
2024-08-17 11:33:49,ETHUSDT,bid,2590,8543.011
2024-08-17 11:33:49,ETHUSDT,bid,2590,8534.725
2024-08-17 11:33:49,ETHUSDT,bid,2590,8534.494
2024-08-17 11:33:50,ETHUSDT,bid,2590,8534.494
2024-08-17 11:33:51,ETHUSDT,bid,2590,8534.494
2024-08-17 11:33:52,ETHUSDT,bid,2590,8542.78
2024-08-17 11:33:52,ETHUSDT,bid,2590,8534.494
2024-08-17 11:33:53,ETHUSDT,bid,2590,8534.494
2024-08-17 11:33:54,ETHUSDT,bid,2590,8534.494
2024-08-17 11:33:54,ETHUSDT,bid,2590,8546.024
2024-08-17 11:33:55,ETHUSDT,bid,2590,8546.024
2024-08-17 11:33:55,ETHUSDT,bid,2590,8534.494
2024-08-17 11:33:56,ETHUSDT,bid,2590,8534.494
2024-08-17 11:33:57,ETHUSDT,bid,2590,8542.78
2024-08-17 11:33:57,ETHUSDT,bid,2590,8534.494
2024-08-17 11:33:58,ETHUSDT,bid,2590,8534.494
2024-08-17 11:33:59,ETHUSDT,bid,2590,8542.78
2024-08-17 11:33:59,ETHUSDT,bid,2590,8534.494
2024-08-17 11:34:00,ETHUSDT,bid,2590,8542.78
2024-08-17 11:34:00,ETHUSDT,bid,2590,8534.494
2024-08-17 11:34:01,ETHUSDT,bid,2590,8542.78
2024-08-17 11:34:01,ETHUSDT,bid,2590,8534.494
2024-08-17 11:34:02,ETHUSDT,bid,2590,8543.157
2024-08-17 11:34:02,ETHUSDT,bid,2590,8534.494
2024-08-17 11:34:03,ETHUSDT,bid,2590,8542.78
2024-08-17 11:34:03,ETHUSDT,bid,2590,8534.494
2024-08-17 11:34:04,ETHUSDT,bid,2590,8534.494
2024-08-17 11:34:05,ETHUSDT,bid,2590,8542.78
2024-08-17 11:34:05,ETHUSDT,bid,2590,8534.494
2024-08-17 11:34:06,ETHUSDT,bid,2590,8534.494
2024-08-17 11:34:07,ETHUSDT,bid,2590,8534.494
2024-08-17 11:34:08,ETHUSDT,bid,2590,8542.78
2024-08-17 11:34:08,ETHUSDT,bid,2590,8534.494
2024-08-17 11:34:10,ETHUSDT,bid,2590,8534.494
2024-08-17 11:34:11,ETHUSDT,bid,2590,8543.157
2024-08-17 11:34:11,ETHUSDT,bid,2590,8534.494
2024-08-17 11:34:12,ETHUSDT,bid,2590,8542.78
2024-08-17 11:34:12,ETHUSDT,bid,2590,8534.494
2024-08-17 11:34:13,ETHUSDT,bid,2590,8534.494
2024-08-17 11:34:14,ETHUSDT,bid,2590,8543.157
2024-08-17 11:34:14,ETHUSDT,bid,2590,8534.494
2024-08-17 11:34:16,ETHUSDT,bid,2590,8542.78
2024-08-17 11:34:16,ETHUSDT,bid,2590,8534.494
2024-08-17 11:34:17,ETHUSDT,bid,2590,8542.78
2024-08-17 11:34:17,ETHUSDT,bid,2590,8534.494
2024-08-17 11:34:18,ETHUSDT,bid,2590,8534.494
2024-08-17 11:34:20,ETHUSDT,bid,2590,8534.494
2024-08-17 11:34:21,ETHUSDT,bid,2590,8542.78
2024-08-17 11:34:21,ETHUSDT,bid,2590,8534.494
2024-08-17 11:34:21,ETHUSDT,bid,2590,8534.628
2024-08-17 11:34:22,ETHUSDT,bid,2590,8543.291
2024-08-17 11:34:22,ETHUSDT,bid,2590,8534.628
2024-08-17 11:34:25,ETHUSDT,bid,2590,8542.914
2024-08-17 11:34:25,ETHUSDT,bid,2590,8534.628
2024-08-17 11:34:26,ETHUSDT,bid,2590,8534.628
2024-08-17 11:34:27,ETHUSDT,bid,2590,8543.291
2024-08-17 11:34:27,ETHUSDT,bid,2590,8534.628
2024-08-17 11:34:28,ETHUSDT,bid,2590,8534.628
2024-08-17 11:34:29,ETHUSDT,bid,2590,8534.628
2024-08-17 11:34:30,ETHUSDT,bid,2590,8543.291
2024-08-17 11:34:30,ETHUSDT,bid,2590,8534.628
2024-08-17 11:34:31,ETHUSDT,bid,2590,8542.914
2024-08-17 11:34:31,ETHUSDT,bid,2590,8534.628
2024-08-17 11:34:32,ETHUSDT,bid,2590,8534.628
2024-08-17 11:34:33,ETHUSDT,bid,2590,8534.628
2024-08-17 11:34:34,ETHUSDT,bid,2590,8535.114
2024-08-17 11:34:35,ETHUSDT,bid,2590,8536.413
2024-08-17 11:34:35,ETHUSDT,bid,2590,8535.927
2024-08-17 11:34:36,ETHUSDT,bid,2590,8535.927
2024-08-17 11:34:36,ETHUSDT,bid,2590,8537.88
2024-08-17 11:34:37,ETHUSDT,bid,2590,8546.166
2024-08-17 11:34:37,ETHUSDT,bid,2590,8537.88
2024-08-17 11:34:37,ETHUSDT,bid,2590,8535.927
2024-08-17 11:34:39,ETHUSDT,bid,2590,8535.927
2024-08-17 11:34:40,ETHUSDT,bid,2590,8544.213
2024-08-17 11:34:40,ETHUSDT,bid,2590,8535.927
2024-08-17 11:34:41,ETHUSDT,bid,2590,8535.927
2024-08-17 11:34:41,ETHUSDT,bid,2590,8536.413
2024-08-17 11:34:42,ETHUSDT,bid,2590,8535.927
2024-08-17 11:34:43,ETHUSDT,bid,2590,8535.927
2024-08-17 11:34:44,ETHUSDT,bid,2590,8544.213
2024-08-17 11:34:44,ETHUSDT,bid,2590,8535.927
2024-08-17 11:34:44,ETHUSDT,bid,2590,8534.628
2024-08-17 11:34:44,ETHUSDT,bid,2590,8535.013
2024-08-17 11:34:45,ETHUSDT,bid,2590,8543.299
2024-08-17 11:34:45,ETHUSDT,bid,2590,8535.013
2024-08-17 11:34:46,ETHUSDT,bid,2590,8535.013
2024-08-17 11:34:46,ETHUSDT,bid,2590,8535.113
2024-08-17 11:34:47,ETHUSDT,bid,2590,8535.113
2024-08-17 11:34:48,ETHUSDT,bid,2590,8535.113
2024-08-17 11:34:48,ETHUSDT,bid,2590,8535.513
2024-08-17 11:34:49,ETHUSDT,bid,2590,8534.894
2024-08-17 11:34:49,ETHUSDT,bid,2590,8535.241
2024-08-17 11:34:49,ETHUSDT,bid,2590,8535.249
2024-08-17 11:34:49,ETHUSDT,bid,2590,8536.174
2024-08-17 11:34:50,ETHUSDT,bid,2590,8537.469
2024-08-17 11:34:57,ETHUSDT,bid,2590,8539.798
2024-08-17 11:34:57,ETHUSDT,bid,2590,8534.483
2024-08-17 11:35:00,ETHUSDT,bid,2590,8534.491
2024-08-17 11:35:01,ETHUSDT,bid,2590,8536.408
2024-08-17 11:35:06,ETHUSDT,bid,2590,8536.408
2024-08-17 11:35:07,ETHUSDT,bid,2590,8539.396
2024-08-17 11:35:08,ETHUSDT,bid,2590,8547.592
2024-08-17 11:35:08,ETHUSDT,bid,2590,8542.78
2024-08-17 11:35:08,ETHUSDT,bid,2590,8545.18
2024-08-17 11:35:08,ETHUSDT,bid,2590,8536.894
2024-08-17 11:35:16,ETHUSDT,bid,2590,8542.351
2024-08-17 11:35:16,ETHUSDT,bid,2590,8542.351
2024-08-17 11:35:16,ETHUSDT,bid,2590,8536.883
2024-08-17 11:35:19,ETHUSDT,bid,2590,8542.434
2024-08-17 11:35:19,ETHUSDT,bid,2590,8536.883
2024-08-17 11:35:20,ETHUSDT,bid,2590,8536.894
2024-08-17 11:35:21,ETHUSDT,bid,2590,8534.494
2024-08-17 11:35:21,ETHUSDT,bid,2590,8535.264
2024-08-17 11:35:22,ETHUSDT,bid,2590,8534.879
2024-08-17 11:35:22,ETHUSDT,bid,2590,8534.879
2024-08-17 11:35:23,ETHUSDT,bid,2590,8534.879
2024-08-17 11:35:24,ETHUSDT,bid,2590,8535.256
2024-08-17 11:35:24,ETHUSDT,bid,2590,8534.879
2024-08-17 11:35:25,ETHUSDT,bid,2590,8534.879
2024-08-17 11:35:25,ETHUSDT,bid,2590,8534.494
2024-08-17 11:35:28,ETHUSDT,bid,2590,8534.494
2024-08-17 11:35:28,ETHUSDT,bid,2590,8534.494
2024-08-17 11:35:28,ETHUSDT,bid,2590,8546.427
2024-08-17 11:35:32,ETHUSDT,bid,2590,8534.879
2024-08-17 11:35:33,ETHUSDT,bid,2590,8546.427
2024-08-17 11:35:33,ETHUSDT,bid,2590,8534.879
2024-08-17 11:35:41,ETHUSDT,bid,2590,8536.832
2024-08-17 11:35:42,ETHUSDT,bid,2590,8536.832
2024-08-17 11:35:42,ETHUSDT,bid,2590,8534.879
2024-08-17 11:35:42,ETHUSDT,bid,2590,8534.494
2024-08-17 11:35:45,ETHUSDT,bid,2270,4486.624
2024-08-17 11:35:45,ETHUSDT,bid,2350,4404.617
2024-08-17 11:35:47,ETHUSDT,bid,2590,8534.879
2024-08-17 11:35:47,ETHUSDT,bid,2590,8534.494
2024-08-17 11:35:54,ETHUSDT,bid,2590,8534.504
2024-08-17 11:35:54,ETHUSDT,bid,2590,8535.274
2024-08-17 11:35:55,ETHUSDT,bid,2590,8546.818
2024-08-17 11:35:55,ETHUSDT,bid,2590,8535.274
2024-08-17 11:35:55,ETHUSDT,bid,2590,8534.504
2024-08-17 11:35:56,ETHUSDT,bid,2590,8534.504
2024-08-17 11:36:00,ETHUSDT,bid,2590,8534.494
2024-08-17 11:36:00,ETHUSDT,bid,2590,8540.844
2024-08-17 11:36:01,ETHUSDT,bid,2590,8549.507
2024-08-17 11:36:01,ETHUSDT,bid,2590,8540.844
2024-08-17 11:36:02,ETHUSDT,bid,2590,8540.844
2024-08-17 11:36:03,ETHUSDT,bid,2590,8540.844
2024-08-17 11:36:04,ETHUSDT,bid,2590,8549.507
2024-08-17 11:36:04,ETHUSDT,bid,2590,8540.844
2024-08-17 11:36:05,ETHUSDT,bid,2590,8549.13
2024-08-17 11:36:05,ETHUSDT,bid,2590,8540.844
2024-08-17 11:36:07,ETHUSDT,bid,2590,8534.494
2024-08-17 11:36:07,ETHUSDT,bid,2590,8542.78
2024-08-17 11:36:07,ETHUSDT,bid,2590,8534.494
2024-08-17 11:36:08,ETHUSDT,bid,2590,8542.78
2024-08-17 11:36:08,ETHUSDT,bid,2590,8534.494
2024-08-17 11:36:09,ETHUSDT,bid,2590,8534.494
2024-08-17 11:36:10,ETHUSDT,bid,2590,8534.494
2024-08-17 11:36:11,ETHUSDT,bid,2590,8542.78
2024-08-17 11:36:11,ETHUSDT,bid,2590,8534.494
2024-08-17 11:36:11,ETHUSDT,bid,2590,8534.66
2024-08-17 11:36:12,ETHUSDT,bid,2590,8534.66
2024-08-17 11:36:14,ETHUSDT,bid,2590,8534.494
2024-08-17 11:36:15,ETHUSDT,bid,2590,8542.78
2024-08-17 11:36:15,ETHUSDT,bid,2590,8534.494
2024-08-17 11:36:19,ETHUSDT,bid,2590,8534.535
2024-08-17 11:36:19,ETHUSDT,bid,2590,8534.535
2024-08-17 11:36:22,ETHUSDT,bid,2590,8534.494
2024-08-17 11:36:23,ETHUSDT,bid,2590,8534.494
2024-08-17 11:36:24,ETHUSDT,bid,2590,8543.157
2024-08-17 11:36:24,ETHUSDT,bid,2590,8534.494
2024-08-17 11:36:25,ETHUSDT,bid,2590,8534.494
2024-08-17 11:36:27,ETHUSDT,bid,2590,8542.78
2024-08-17 11:36:27,ETHUSDT,bid,2590,8534.494
2024-08-17 11:36:27,ETHUSDT,bid,2590,8534.878
2024-08-17 11:36:29,ETHUSDT,bid,2590,8543.164
2024-08-17 11:36:29,ETHUSDT,bid,2590,8534.878
2024-08-17 11:36:30,ETHUSDT,bid,2590,8543.164
2024-08-17 11:36:30,ETHUSDT,bid,2590,8534.878
2024-08-17 11:36:31,ETHUSDT,bid,2590,8534.494
2024-08-17 11:36:31,ETHUSDT,bid,2590,8534.878
2024-08-17 11:36:32,ETHUSDT,bid,2590,8543.164
2024-08-17 11:36:32,ETHUSDT,bid,2590,8534.878
2024-08-17 11:36:33,ETHUSDT,bid,2590,8534.878
2024-08-17 11:36:33,ETHUSDT,bid,2590,8534.494
2024-08-17 11:36:34,ETHUSDT,bid,2590,8534.494
2024-08-17 11:36:37,ETHUSDT,bid,2590,8542.78
2024-08-17 11:36:37,ETHUSDT,bid,2590,8534.494
2024-08-17 11:36:39,ETHUSDT,bid,2590,8542.78
2024-08-17 11:36:39,ETHUSDT,bid,2590,8534.494
2024-08-17 11:36:40,ETHUSDT,bid,2590,8534.494
2024-08-17 11:36:41,ETHUSDT,bid,2590,8534.494
2024-08-17 11:36:42,ETHUSDT,bid,2590,8542.78
2024-08-17 11:36:42,ETHUSDT,bid,2590,8534.494
2024-08-17 11:36:43,ETHUSDT,bid,2590,8534.928
2024-08-17 11:36:44,ETHUSDT,bid,2590,8534.928
2024-08-17 11:36:45,ETHUSDT,bid,2590,8543.214
2024-08-17 11:36:45,ETHUSDT,bid,2590,8534.928
2024-08-17 11:36:46,ETHUSDT,bid,2590,8536.66
2024-08-17 11:36:47,ETHUSDT,bid,2590,8536.66
2024-08-17 11:36:48,ETHUSDT,bid,2590,8536.66
2024-08-17 11:36:49,ETHUSDT,bid,2590,8536.865
2024-08-17 11:36:49,ETHUSDT,bid,2590,8536.865
2024-08-17 11:36:50,ETHUSDT,bid,2590,8536.865
2024-08-17 11:36:51,ETHUSDT,bid,2590,8545.151
2024-08-17 11:36:51,ETHUSDT,bid,2590,8536.865
2024-08-17 11:36:52,ETHUSDT,bid,2590,8545.151
2024-08-17 11:36:52,ETHUSDT,bid,2590,8536.865
2024-08-17 11:36:53,ETHUSDT,bid,2590,8536.865
2024-08-17 11:36:54,ETHUSDT,bid,2590,8545.151
2024-08-17 11:36:54,ETHUSDT,bid,2590,8536.865
2024-08-17 11:36:55,ETHUSDT,bid,2590,8541.674
2024-08-17 11:36:55,ETHUSDT,bid,2590,8541.674
2024-08-17 11:36:56,ETHUSDT,bid,2590,8541.674
2024-08-17 11:36:57,ETHUSDT,bid,2590,8549.96
2024-08-17 11:36:57,ETHUSDT,bid,2590,8541.674
2024-08-17 11:36:57,ETHUSDT,bid,2590,8539.737
2024-08-17 11:36:57,ETHUSDT,bid,2590,8534.928
2024-08-17 11:36:58,ETHUSDT,bid,2590,8534.928
2024-08-17 11:36:59,ETHUSDT,bid,2590,8534.928
2024-08-17 11:37:00,ETHUSDT,bid,2590,8535.087
2024-08-17 11:37:01,ETHUSDT,bid,2590,8534.928
2024-08-17 11:37:01,ETHUSDT,bid,2590,8534.928
2024-08-17 11:37:02,ETHUSDT,bid,2590,8534.928
2024-08-17 11:37:03,ETHUSDT,bid,2590,8534.928
2024-08-17 11:37:06,ETHUSDT,bid,2590,8543.214
2024-08-17 11:37:06,ETHUSDT,bid,2590,8534.928
2024-08-17 11:37:06,ETHUSDT,bid,2590,8535.087
2024-08-17 11:37:07,ETHUSDT,bid,2590,8534.928
2024-08-17 11:37:07,ETHUSDT,bid,2590,8535.312
2024-08-17 11:37:09,ETHUSDT,bid,2590,8543.598
2024-08-17 11:37:09,ETHUSDT,bid,2590,8535.312
2024-08-17 11:37:10,ETHUSDT,bid,2590,8543.598
2024-08-17 11:37:10,ETHUSDT,bid,2590,8535.312
2024-08-17 11:37:11,ETHUSDT,bid,2590,8534.928
2024-08-17 11:37:12,ETHUSDT,bid,2590,8543.214
2024-08-17 11:37:12,ETHUSDT,bid,2590,8534.928
2024-08-17 11:37:13,ETHUSDT,bid,2590,8543.214
2024-08-17 11:37:13,ETHUSDT,bid,2590,8534.928
2024-08-17 11:37:15,ETHUSDT,bid,2590,8534.928
2024-08-17 11:37:15,ETHUSDT,bid,2140,4709.821
2024-08-17 11:37:16,ETHUSDT,bid,2590,8543.214
2024-08-17 11:37:16,ETHUSDT,bid,2590,8534.928
2024-08-17 11:37:16,ETHUSDT,bid,2590,8536.568
2024-08-17 11:37:17,ETHUSDT,bid,2590,8536.568
2024-08-17 11:37:18,ETHUSDT,bid,2590,8544.854
2024-08-17 11:37:18,ETHUSDT,bid,2590,8536.568
2024-08-17 11:37:19,ETHUSDT,bid,2590,8544.854
2024-08-17 11:37:19,ETHUSDT,bid,2590,8536.568
2024-08-17 11:37:19,ETHUSDT,bid,2590,8537.158
2024-08-17 11:37:20,ETHUSDT,bid,2590,8537.158
2024-08-17 11:37:21,ETHUSDT,bid,2590,8537.158
2024-08-17 11:37:23,ETHUSDT,bid,2590,8535.518
2024-08-17 11:37:23,ETHUSDT,bid,2590,8543.804
2024-08-17 11:37:23,ETHUSDT,bid,2590,8535.518
2024-08-17 11:37:24,ETHUSDT,bid,2590,8534.928
2024-08-17 11:37:26,ETHUSDT,bid,2590,8543.214
2024-08-17 11:37:26,ETHUSDT,bid,2590,8534.928
2024-08-17 11:37:33,ETHUSDT,bid,2590,8534.937
2024-08-17 11:37:37,ETHUSDT,bid,2590,8534.937
2024-08-17 11:37:38,ETHUSDT,bid,2590,8534.937
2024-08-17 11:38:03,ETHUSDT,bid,2590,8537.392
2024-08-17 11:38:03,ETHUSDT,bid,2590,8537.682
2024-08-17 11:38:11,ETHUSDT,bid,2590,8538.866
2024-08-17 11:38:21,ETHUSDT,bid,2590,8538.617
2024-08-17 11:38:27,ETHUSDT,bid,2590,8538.498
2024-08-17 11:38:46,ETHUSDT,bid,2590,8538.651
2024-08-17 11:38:47,ETHUSDT,bid,2590,8548.267
2024-08-17 11:38:48,ETHUSDT,bid,2590,8548.397
2024-08-17 11:38:49,ETHUSDT,bid,2590,8915.229
2024-08-17 11:38:49,ETHUSDT,bid,2590,8548.397
2024-08-17 11:38:49,ETHUSDT,bid,2590,8548.244
2024-08-17 11:38:59,ETHUSDT,bid,2590,8538.256
2024-08-17 11:38:59,ETHUSDT,bid,2590,8536.106
2024-08-17 11:38:59,ETHUSDT,bid,2590,8536.106
2024-08-17 11:39:00,ETHUSDT,bid,2590,8544.392
2024-08-17 11:39:01,ETHUSDT,bid,2590,8536.106
2024-08-17 11:39:01,ETHUSDT,bid,2590,8536.106
2024-08-17 11:39:02,ETHUSDT,bid,2590,8577.241
2024-08-17 11:39:03,ETHUSDT,bid,2590,8585.527
2024-08-17 11:39:03,ETHUSDT,bid,2590,8536.106
2024-08-17 11:39:04,ETHUSDT,bid,2590,8536.106
2024-08-17 11:39:06,ETHUSDT,bid,2590,8544.392
2024-08-17 11:39:06,ETHUSDT,bid,2590,8536.106
2024-08-17 11:39:07,ETHUSDT,bid,2590,8544.392
2024-08-17 11:39:07,ETHUSDT,bid,2590,8536.106
2024-08-17 11:39:08,ETHUSDT,bid,2590,8536.106
2024-08-17 11:39:10,ETHUSDT,bid,2590,8536.106
2024-08-17 11:39:11,ETHUSDT,bid,2590,8544.392
2024-08-17 11:39:11,ETHUSDT,bid,2590,8536.106
2024-08-17 11:39:22,ETHUSDT,bid,2590,8536.106
2024-08-17 11:39:23,ETHUSDT,bid,2590,8536.106
2024-08-17 11:39:24,ETHUSDT,bid,2590,8544.392
2024-08-17 11:39:24,ETHUSDT,bid,2590,8536.684
2024-08-17 11:39:25,ETHUSDT,bid,2590,8536.684
2024-08-17 11:39:26,ETHUSDT,bid,2590,8536.684
2024-08-17 11:39:29,ETHUSDT,bid,2590,8536.684
2024-08-17 11:39:30,ETHUSDT,bid,2590,8544.97
2024-08-17 11:39:30,ETHUSDT,bid,2590,8536.684
2024-08-17 11:39:33,ETHUSDT,bid,2590,8536.684
2024-08-17 11:39:38,ETHUSDT,bid,2590,8544.97
2024-08-17 11:39:38,ETHUSDT,bid,2590,8536.684
2024-08-17 11:39:39,ETHUSDT,bid,2590,8536.684
2024-08-17 11:39:43,ETHUSDT,bid,2590,8536.684
2024-08-17 11:39:44,ETHUSDT,bid,2590,8536.684
2024-08-17 11:39:45,ETHUSDT,bid,2590,8536.684
2024-08-17 11:39:48,ETHUSDT,bid,2590,8536.684
2024-08-17 11:39:50,ETHUSDT,bid,2590,8536.772
2024-08-17 11:39:50,ETHUSDT,bid,2590,8536.684
2024-08-17 11:39:50,ETHUSDT,bid,2590,8544.97
2024-08-17 11:39:50,ETHUSDT,bid,2590,8536.684
2024-08-17 11:39:52,ETHUSDT,bid,2590,8536.684
2024-08-17 11:39:54,ETHUSDT,bid,2590,8536.684
2024-08-17 11:39:55,ETHUSDT,bid,2590,8536.684
2024-08-17 11:39:56,ETHUSDT,bid,2590,8536.684
2024-08-17 11:39:57,ETHUSDT,bid,2590,8536.684
2024-08-17 11:39:58,ETHUSDT,bid,2590,8536.684
2024-08-17 11:40:00,ETHUSDT,bid,2590,8536.684
2024-08-17 11:40:02,ETHUSDT,bid,2590,8544.97
2024-08-17 11:40:02,ETHUSDT,bid,2590,8536.684
2024-08-17 11:40:03,ETHUSDT,bid,2590,8536.704
2024-08-17 11:40:03,ETHUSDT,bid,2590,8536.704
2024-08-17 11:40:04,ETHUSDT,bid,2590,8536.704
2024-08-17 11:40:05,ETHUSDT,bid,2590,8544.99
2024-08-17 11:40:05,ETHUSDT,bid,2590,8536.704
2024-08-17 11:40:06,ETHUSDT,bid,2590,8544.99
2024-08-17 11:40:06,ETHUSDT,bid,2590,8536.704
2024-08-17 11:40:07,ETHUSDT,bid,2590,8544.99
2024-08-17 11:40:07,ETHUSDT,bid,2590,8536.704
2024-08-17 11:40:08,ETHUSDT,bid,2590,8536.704
2024-08-17 11:40:09,ETHUSDT,bid,2590,8536.684
2024-08-17 11:40:09,ETHUSDT,bid,2590,8538.452
2024-08-17 11:40:09,ETHUSDT,bid,2590,8546.738
2024-08-17 11:40:09,ETHUSDT,bid,2590,8538.452
2024-08-17 11:40:11,ETHUSDT,bid,2590,8538.452
2024-08-17 11:40:13,ETHUSDT,bid,2590,8538.452
2024-08-17 11:40:14,ETHUSDT,bid,2590,8538.452
2024-08-17 11:40:15,ETHUSDT,bid,2590,8546.738
2024-08-17 11:40:15,ETHUSDT,bid,2590,8538.452
2024-08-17 11:40:16,ETHUSDT,bid,2590,8538.452
2024-08-17 11:40:18,ETHUSDT,bid,2590,8536.684
2024-08-17 11:40:19,ETHUSDT,bid,2590,8544.97
2024-08-17 11:40:20,ETHUSDT,bid,2590,8536.684
2024-08-17 11:40:23,ETHUSDT,bid,2590,8536.684
2024-08-17 11:40:23,ETHUSDT,bid,2590,8536.104
2024-08-17 11:40:24,ETHUSDT,bid,2590,8534.946
2024-08-17 11:40:24,ETHUSDT,bid,2590,8536.7
2024-08-17 11:40:48,ETHUSDT,bid,2140,4709.786
2024-08-17 11:40:51,ETHUSDT,bid,2590,8537.186
2024-08-17 11:40:53,ETHUSDT,bid,2590,8536.7
2024-08-17 11:41:16,ETHUSDT,bid,2590,8544.986
2024-08-17 11:41:16,ETHUSDT,bid,2590,8536.7
2024-08-17 11:41:20,ETHUSDT,bid,2590,8536.7
2024-08-17 11:41:48,ETHUSDT,bid,2590,8546.315
2024-08-17 11:41:59,ETHUSDT,bid,2590,8536.7
2024-08-17 11:42:47,ETHUSDT,bid,2590,8536.7
2024-08-17 11:42:57,ETHUSDT,bid,2590,8554.625
2024-08-17 11:43:04,ETHUSDT,bid,2590,8554.661
2024-08-17 11:43:04,ETHUSDT,bid,2590,8559.308
2024-08-17 11:43:10,ETHUSDT,bid,2590,8554.661
2024-08-17 11:43:10,ETHUSDT,bid,2590,8554.625
2024-08-17 11:43:16,ETHUSDT,bid,2590,8554.745
2024-08-17 11:43:24,ETHUSDT,bid,2590,8552.991
2024-08-17 11:44:00,ETHUSDT,bid,2590,8535.066
2024-08-17 11:44:36,ETHUSDT,bid,2590,8536.764
2024-08-17 11:44:59,ETHUSDT,bid,2590,8536.644
2024-08-17 11:45:07,ETHUSDT,bid,2590,8536.658
2024-08-17 11:45:11,ETHUSDT,bid,2590,8539.237
2024-08-17 11:45:11,ETHUSDT,bid,2590,8547.523
2024-08-17 11:45:11,ETHUSDT,bid,2590,8539.237
2024-08-17 11:45:11,ETHUSDT,bid,2590,8557.717
2024-08-17 11:45:14,ETHUSDT,bid,2590,8534.946
2024-08-17 11:45:15,ETHUSDT,bid,2590,8534.946
2024-08-17 11:45:16,ETHUSDT,bid,2590,8543.232
2024-08-17 11:45:16,ETHUSDT,bid,2590,8534.946
2024-08-17 11:45:17,ETHUSDT,bid,2590,8534.946
2024-08-17 11:45:18,ETHUSDT,bid,2590,8534.946
2024-08-17 11:45:19,ETHUSDT,bid,2590,8543.232
2024-08-17 11:45:19,ETHUSDT,bid,2590,8534.946
2024-08-17 11:45:20,ETHUSDT,bid,2590,8534.946
2024-08-17 11:45:22,ETHUSDT,bid,2590,8534.974
2024-08-17 11:45:23,ETHUSDT,bid,2590,8543.26
2024-08-17 11:45:23,ETHUSDT,bid,2590,8576.109
2024-08-17 11:45:23,ETHUSDT,bid,2590,8587.625
2024-08-17 11:45:24,ETHUSDT,bid,2590,8572.221
2024-08-17 11:45:24,ETHUSDT,bid,2590,8534.974
2024-08-17 11:45:25,ETHUSDT,bid,2590,8534.974
2024-08-17 11:45:26,ETHUSDT,bid,2590,8535.46
2024-08-17 11:45:26,ETHUSDT,bid,2590,8543.746
2024-08-17 11:45:26,ETHUSDT,bid,2590,8576.109
2024-08-17 11:45:26,ETHUSDT,bid,2590,8587.625
2024-08-17 11:45:27,ETHUSDT,bid,2590,8546.482
2024-08-17 11:45:27,ETHUSDT,bid,2590,8534.966
2024-08-17 11:45:28,ETHUSDT,bid,2590,8534.946
2024-08-17 11:45:28,ETHUSDT,bid,2590,8927.313
2024-08-17 11:45:28,ETHUSDT,bid,2590,8534.946
2024-08-17 11:45:48,ETHUSDT,bid,2590,8543.232
2024-08-17 11:45:48,ETHUSDT,bid,2590,8534.946
2024-08-17 11:45:49,ETHUSDT,bid,2590,8534.946
2024-08-17 11:45:50,ETHUSDT,bid,2590,8546.456
2024-08-17 11:45:51,ETHUSDT,bid,2590,8534.946
2024-08-17 11:45:56,ETHUSDT,bid,2590,8553.426
2024-08-17 11:46:01,ETHUSDT,bid,2590,8534.946
2024-08-17 11:46:03,ETHUSDT,bid,2590,8534.946
2024-08-17 11:46:04,ETHUSDT,bid,2590,8534.946
2024-08-17 11:46:06,ETHUSDT,bid,2590,8543.232
2024-08-17 11:46:06,ETHUSDT,bid,2590,8534.946
2024-08-17 11:46:08,ETHUSDT,bid,2590,8535.72
2024-08-17 11:46:08,ETHUSDT,bid,2590,8537.278
2024-08-17 11:46:08,ETHUSDT,bid,2590,8535.74
2024-08-17 11:46:09,ETHUSDT,bid,2590,8535.74
2024-08-17 11:46:09,ETHUSDT,bid,2590,8544.026
2024-08-17 11:46:09,ETHUSDT,bid,2590,8535.74
2024-08-17 11:46:09,ETHUSDT,bid,2590,8535.74
2024-08-17 11:46:10,ETHUSDT,bid,2590,8535.72
2024-08-17 11:46:10,ETHUSDT,bid,2590,8547.26
2024-08-17 11:46:10,ETHUSDT,bid,2590,8555.546
2024-08-17 11:46:10,ETHUSDT,bid,2590,8547.26
2024-08-17 11:46:11,ETHUSDT,bid,2590,8547.26
2024-08-17 11:46:12,ETHUSDT,bid,2590,8555.924
2024-08-17 11:46:12,ETHUSDT,bid,2590,8547.26
2024-08-17 11:46:13,ETHUSDT,bid,2590,8547.26
2024-08-17 11:46:14,ETHUSDT,bid,2590,8547.268
2024-08-17 11:46:15,ETHUSDT,bid,2590,8555.932
2024-08-17 11:46:15,ETHUSDT,bid,2590,8547.268
2024-08-17 11:46:16,ETHUSDT,bid,2590,8547.26
2024-08-17 11:46:16,ETHUSDT,bid,2590,8547.26
2024-08-17 11:46:17,ETHUSDT,bid,2590,8547.268
2024-08-17 11:46:17,ETHUSDT,bid,2590,8547.268
2024-08-17 11:46:18,ETHUSDT,bid,2590,8535.728
2024-08-17 11:46:18,ETHUSDT,bid,2590,8544.014
2024-08-17 11:46:18,ETHUSDT,bid,2590,8535.728
2024-08-17 11:46:19,ETHUSDT,bid,2590,8544.014
2024-08-17 11:46:19,ETHUSDT,bid,2590,8535.728
2024-08-17 11:46:21,ETHUSDT,bid,2590,8535.728
2024-08-17 11:46:21,ETHUSDT,bid,2590,8535.72
2024-08-17 11:46:23,ETHUSDT,bid,2590,8535.72
2024-08-17 11:46:25,ETHUSDT,bid,2590,8535.72
2024-08-17 11:46:26,ETHUSDT,bid,2590,8535.72
2024-08-17 11:46:27,ETHUSDT,bid,2590,8544.006
2024-08-17 11:46:27,ETHUSDT,bid,2590,8535.72
2024-08-17 11:46:27,ETHUSDT,bid,2590,8535.896
2024-08-17 11:46:28,ETHUSDT,bid,2590,8547.436
2024-08-17 11:46:28,ETHUSDT,bid,2590,8547.436
2024-08-17 11:46:31,ETHUSDT,bid,2590,8547.436
2024-08-17 11:46:31,ETHUSDT,bid,2590,8555.126
2024-08-17 11:46:32,ETHUSDT,bid,2590,8563.412
2024-08-17 11:46:32,ETHUSDT,bid,2590,8555.126
2024-08-17 11:46:33,ETHUSDT,bid,2590,8556.5
2024-08-17 11:46:33,ETHUSDT,bid,2590,8557.1
2024-08-17 11:46:33,ETHUSDT,bid,2590,8535.642
2024-08-17 11:46:34,ETHUSDT,bid,2590,8543.928
2024-08-17 11:46:34,ETHUSDT,bid,2590,8535.642
2024-08-17 11:46:35,ETHUSDT,bid,2590,8535.642
2024-08-17 11:46:36,ETHUSDT,bid,2590,8535.642
2024-08-17 11:46:37,ETHUSDT,bid,2590,8543.928
2024-08-17 11:46:37,ETHUSDT,bid,2590,8535.642
2024-08-17 11:46:40,ETHUSDT,bid,2590,8535.642
2024-08-17 11:46:41,ETHUSDT,bid,2590,8535.642
2024-08-17 11:46:42,ETHUSDT,bid,2590,8535.642
2024-08-17 11:46:43,ETHUSDT,bid,2590,8535.546
2024-08-17 11:46:43,ETHUSDT,bid,2590,8535.546
2024-08-17 11:46:43,ETHUSDT,bid,2590,8560.732
2024-08-17 11:46:44,ETHUSDT,bid,2590,8560.732
2024-08-17 11:46:47,ETHUSDT,bid,2590,8535.546
2024-08-17 11:46:48,ETHUSDT,bid,2590,8559.745
2024-08-17 11:46:48,ETHUSDT,bid,2590,8535.146
2024-08-17 11:46:48,ETHUSDT,bid,2590,8559.583
2024-08-17 11:46:49,ETHUSDT,bid,2590,8559.583
2024-08-17 11:46:49,ETHUSDT,bid,2590,8535.146
2024-08-17 11:46:49,ETHUSDT,bid,2590,8559.259
2024-08-17 11:46:49,ETHUSDT,bid,2590,8559.483
2024-08-17 11:46:50,ETHUSDT,bid,2590,8535.37
2024-08-17 11:46:57,ETHUSDT,bid,2590,8560.476
2024-08-17 11:46:58,ETHUSDT,bid,2590,8560.799
2024-08-17 11:46:58,ETHUSDT,bid,2590,8535.693
2024-08-17 11:47:00,ETHUSDT,bid,2590,8535.993
2024-08-17 11:47:00,ETHUSDT,bid,2590,8536.493
2024-08-17 11:47:01,ETHUSDT,bid,2590,8535.693
2024-08-17 11:47:02,ETHUSDT,bid,2590,8535.693
2024-08-17 11:47:03,ETHUSDT,bid,2590,8535.693
2024-08-17 11:47:04,ETHUSDT,bid,2590,8535.693
2024-08-17 11:47:05,ETHUSDT,bid,2590,8536.071
2024-08-17 11:47:05,ETHUSDT,bid,2590,8535.693
2024-08-17 11:47:07,ETHUSDT,bid,2590,8535.693
2024-08-17 11:47:09,ETHUSDT,bid,2590,8535.37
2024-08-17 11:47:09,ETHUSDT,bid,2590,8535.37
2024-08-17 11:47:10,ETHUSDT,bid,2590,8543.656
2024-08-17 11:47:10,ETHUSDT,bid,2590,8535.37
2024-08-17 11:47:11,ETHUSDT,bid,2590,8536.301
2024-08-17 11:47:11,ETHUSDT,bid,2590,8536.301
2024-08-17 11:47:12,ETHUSDT,bid,2590,8547.841
2024-08-17 11:47:12,ETHUSDT,bid,2590,8547.417
2024-08-17 11:47:13,ETHUSDT,bid,2590,8547.417
2024-08-17 11:47:14,ETHUSDT,bid,2590,8547.417
2024-08-17 11:47:15,ETHUSDT,bid,2590,8547.417
2024-08-17 11:47:16,ETHUSDT,bid,2590,8556.081
2024-08-17 11:47:16,ETHUSDT,bid,2590,8547.417
2024-08-17 11:47:17,ETHUSDT,bid,2590,8547.417
2024-08-17 11:47:17,ETHUSDT,bid,2590,8546.617
2024-08-17 11:47:18,ETHUSDT,bid,2590,8546.617
2024-08-17 11:47:18,ETHUSDT,bid,2590,8561.121
2024-08-17 11:47:19,ETHUSDT,bid,2590,8561.121
2024-08-17 11:47:20,ETHUSDT,bid,2590,8535.077
2024-08-17 11:47:20,ETHUSDT,bid,2590,8535.077
2024-08-17 11:47:20,ETHUSDT,bid,2590,8535.077
2024-08-17 11:47:21,ETHUSDT,bid,2590,8535.173
2024-08-17 11:47:21,ETHUSDT,bid,2590,8535.087
2024-08-17 11:47:21,ETHUSDT,bid,2590,8535.087
2024-08-17 11:47:24,ETHUSDT,bid,2590,8535.465
2024-08-17 11:47:24,ETHUSDT,bid,2590,8535.087
2024-08-17 11:47:25,ETHUSDT,bid,2590,8535.087
2024-08-17 11:47:26,ETHUSDT,bid,2590,8535.087
2024-08-17 11:47:27,ETHUSDT,bid,2590,8543.751
2024-08-17 11:47:27,ETHUSDT,bid,2590,8535.087
2024-08-17 11:47:28,ETHUSDT,bid,2590,8535.087
2024-08-17 11:47:29,ETHUSDT,bid,2590,8535.095
2024-08-17 11:47:29,ETHUSDT,bid,2590,8543.381
2024-08-17 11:47:29,ETHUSDT,bid,2590,8535.095
2024-08-17 11:47:31,ETHUSDT,bid,2590,8535.087
2024-08-17 11:47:31,ETHUSDT,bid,2590,8535.087
2024-08-17 11:47:32,ETHUSDT,bid,2590,8535.087
2024-08-17 11:47:33,ETHUSDT,bid,2590,8543.373
2024-08-17 11:47:33,ETHUSDT,bid,2590,8535.087
2024-08-17 11:47:34,ETHUSDT,bid,2590,8535.087
2024-08-17 11:47:35,ETHUSDT,bid,2590,8535.087
2024-08-17 11:47:36,ETHUSDT,bid,2590,8535.087
2024-08-17 11:47:37,ETHUSDT,bid,2590,8543.373
2024-08-17 11:47:37,ETHUSDT,bid,2590,8535.095
2024-08-17 11:47:38,ETHUSDT,bid,2590,8535.095
2024-08-17 11:47:39,ETHUSDT,bid,2590,8543.381
2024-08-17 11:47:39,ETHUSDT,bid,2590,8535.087
2024-08-17 11:47:40,ETHUSDT,bid,2590,8543.373
2024-08-17 11:47:40,ETHUSDT,bid,2590,8535.087
2024-08-17 11:47:41,ETHUSDT,bid,2590,8535.087
2024-08-17 11:47:41,ETHUSDT,bid,2590,8546.627
2024-08-17 11:47:41,ETHUSDT,bid,2590,8536.287
2024-08-17 11:47:42,ETHUSDT,bid,2590,8536.287
2024-08-17 11:47:43,ETHUSDT,bid,2590,8544.573
2024-08-17 11:47:43,ETHUSDT,bid,2590,8536.287
2024-08-17 11:47:44,ETHUSDT,bid,2590,8536.287
2024-08-17 11:47:45,ETHUSDT,bid,2590,8536.287
2024-08-17 11:47:47,ETHUSDT,bid,2590,8536.865
2024-08-17 11:47:49,ETHUSDT,bid,2590,8539.495
2024-08-17 11:47:49,ETHUSDT,bid,2590,8545.268
2024-08-17 11:47:50,ETHUSDT,bid,2590,8545.268
2024-08-17 11:47:51,ETHUSDT,bid,2590,8553.554
2024-08-17 11:47:51,ETHUSDT,bid,2590,8545.268
2024-08-17 11:47:52,ETHUSDT,bid,2590,8553.554
2024-08-17 11:47:52,ETHUSDT,bid,2590,8545.268
2024-08-17 11:47:53,ETHUSDT,bid,2590,8541.428
2024-08-17 11:47:53,ETHUSDT,bid,2590,8541.428
2024-08-17 11:47:54,ETHUSDT,bid,2590,8549.714
2024-08-17 11:47:54,ETHUSDT,bid,2590,8552.178
2024-08-17 11:47:54,ETHUSDT,bid,2590,8546.405
2024-08-17 11:47:54,ETHUSDT,bid,2590,8552.177
2024-08-17 11:47:55,ETHUSDT,bid,2590,8552.177
2024-08-17 11:47:55,ETHUSDT,bid,2590,8553.677
2024-08-17 11:47:55,ETHUSDT,bid,2590,8552.177
2024-08-17 11:47:55,ETHUSDT,bid,2590,8541.427
2024-08-17 11:47:56,ETHUSDT,bid,2590,8535.655
2024-08-17 11:47:56,ETHUSDT,bid,2590,8536.055
2024-08-17 11:47:56,ETHUSDT,bid,2590,8536.055
2024-08-17 11:47:56,ETHUSDT,bid,2590,8537.979
2024-08-17 11:47:56,ETHUSDT,bid,2590,8537.995
2024-08-17 11:47:57,ETHUSDT,bid,2590,8537.995
2024-08-17 11:47:58,ETHUSDT,bid,2590,8537.995
2024-08-17 11:47:58,ETHUSDT,bid,2590,8546.281
2024-08-17 11:47:58,ETHUSDT,bid,2590,8537.995
2024-08-17 11:47:58,ETHUSDT,bid,2590,8538.585
2024-08-17 11:47:59,ETHUSDT,bid,2590,8538.585
2024-08-17 11:48:00,ETHUSDT,bid,2590,8538.585
2024-08-17 11:48:00,ETHUSDT,bid,2590,8538.185
2024-08-17 11:48:01,ETHUSDT,bid,2590,8545.411
2024-08-17 11:48:01,ETHUSDT,bid,2590,8536.747
2024-08-17 11:48:02,ETHUSDT,bid,2590,8536.261
2024-08-17 11:48:02,ETHUSDT,bid,2590,8544.547
2024-08-17 11:48:02,ETHUSDT,bid,2590,8536.261
2024-08-17 11:48:03,ETHUSDT,bid,2590,8544.547
2024-08-17 11:48:03,ETHUSDT,bid,2590,8535.671
2024-08-17 11:48:04,ETHUSDT,bid,2590,8543.957
2024-08-17 11:48:04,ETHUSDT,bid,2590,8535.671
2024-08-17 11:48:05,ETHUSDT,bid,2590,8560.309
2024-08-17 11:48:05,ETHUSDT,bid,2590,8535.671
2024-08-17 11:48:05,ETHUSDT,bid,2590,8535.671
2024-08-17 11:48:05,ETHUSDT,bid,2590,8535.996
2024-08-17 11:48:06,ETHUSDT,bid,2590,8544.66
2024-08-17 11:48:06,ETHUSDT,bid,2590,8535.996
2024-08-17 11:48:07,ETHUSDT,bid,2590,8535.996
2024-08-17 11:48:08,ETHUSDT,bid,2590,8535.996
2024-08-17 11:48:08,ETHUSDT,bid,2590,8535.996
2024-08-17 11:48:08,ETHUSDT,bid,2590,8536.482
2024-08-17 11:48:10,ETHUSDT,bid,2590,8536.86
2024-08-17 11:48:10,ETHUSDT,bid,2590,8536.482
2024-08-17 11:48:10,ETHUSDT,bid,2590,8536.157
2024-08-17 11:48:10,ETHUSDT,bid,2590,8536.141
2024-08-17 11:48:10,ETHUSDT,bid,2590,8536.199
2024-08-17 11:48:11,ETHUSDT,bid,2590,8536.368
2024-08-17 11:48:11,ETHUSDT,bid,2590,8559.788
2024-08-17 11:48:12,ETHUSDT,bid,2590,8535.882
2024-08-17 11:48:12,ETHUSDT,bid,2590,8536.26
2024-08-17 11:48:12,ETHUSDT,bid,2590,8535.882
2024-08-17 11:48:13,ETHUSDT,bid,2590,8535.882
2024-08-17 11:48:15,ETHUSDT,bid,2590,8537.835
2024-08-17 11:48:16,ETHUSDT,bid,2590,8538.235
2024-08-17 11:48:16,ETHUSDT,bid,2590,8563.034
2024-08-17 11:48:16,ETHUSDT,bid,2590,8561.081
2024-08-17 11:48:18,ETHUSDT,bid,2590,8560.781
2024-08-17 11:48:20,ETHUSDT,bid,2590,8560.203
2024-08-17 11:48:20,ETHUSDT,bid,2590,8583.44
2024-08-17 11:48:20,ETHUSDT,bid,2590,8583.979
2024-08-17 11:48:21,ETHUSDT,bid,2590,8580.883
2024-08-17 11:48:22,ETHUSDT,bid,2590,8581.261
2024-08-17 11:48:22,ETHUSDT,bid,2590,8580.883
2024-08-17 11:48:22,ETHUSDT,bid,2590,8568.956
2024-08-17 11:48:23,ETHUSDT,bid,2590,8568.51
2024-08-17 11:48:26,ETHUSDT,bid,2590,8568.53
2024-08-17 11:48:26,ETHUSDT,bid,2590,8568.51
2024-08-17 11:48:27,ETHUSDT,bid,2590,8570.463
2024-08-17 11:48:28,ETHUSDT,bid,2590,8568.51
2024-08-17 11:48:32,ETHUSDT,bid,2590,8568.53
2024-08-17 11:48:33,ETHUSDT,bid,2590,8568.51
2024-08-17 11:48:35,ETHUSDT,bid,2590,8579.509
2024-08-17 11:48:35,ETHUSDT,bid,2590,8560.224
2024-08-17 11:48:35,ETHUSDT,bid,2590,8570.752
2024-08-17 11:48:35,ETHUSDT,bid,2590,8560.224
2024-08-17 11:48:46,ETHUSDT,bid,2590,8560.609
2024-08-17 11:48:47,ETHUSDT,bid,2590,8561.256
2024-08-17 11:48:47,ETHUSDT,bid,2590,8560.609
2024-08-17 11:48:49,ETHUSDT,bid,2590,8561.656
2024-08-17 11:48:51,ETHUSDT,bid,2590,8561.756
2024-08-17 11:48:52,ETHUSDT,bid,2590,8570.042
2024-08-17 11:48:52,ETHUSDT,bid,2590,8544.858
2024-08-17 11:48:53,ETHUSDT,bid,2590,8544.211
2024-08-17 11:48:53,ETHUSDT,bid,2590,8535.925
2024-08-17 11:48:53,ETHUSDT,bid,2590,8536.725
2024-08-17 11:48:54,ETHUSDT,bid,2590,8537.425
2024-08-17 11:48:55,ETHUSDT,bid,2590,8535.004
2024-08-17 11:48:56,ETHUSDT,bid,2590,8535.004
2024-08-17 11:48:57,ETHUSDT,bid,2590,8543.29
2024-08-17 11:48:57,ETHUSDT,bid,2590,8535.004
2024-08-17 11:48:58,ETHUSDT,bid,2590,8535.004
2024-08-17 11:48:59,ETHUSDT,bid,2590,8535.004
2024-08-17 11:49:00,ETHUSDT,bid,2590,8535.312
2024-08-17 11:49:01,ETHUSDT,bid,2590,8543.598
2024-08-17 11:49:01,ETHUSDT,bid,2590,8535.312
2024-08-17 11:49:02,ETHUSDT,bid,2590,8543.598
2024-08-17 11:49:02,ETHUSDT,bid,2590,8535.312
2024-08-17 11:49:03,ETHUSDT,bid,2590,8535.312
2024-08-17 11:49:04,ETHUSDT,bid,2590,8543.598
2024-08-17 11:49:04,ETHUSDT,bid,2590,8535.312
2024-08-17 11:49:05,ETHUSDT,bid,2590,8543.598
2024-08-17 11:49:05,ETHUSDT,bid,2590,8535.312
2024-08-17 11:49:06,ETHUSDT,bid,2590,8535.004
2024-08-17 11:49:07,ETHUSDT,bid,2590,8535.004
2024-08-17 11:49:08,ETHUSDT,bid,2590,8543.29
2024-08-17 11:49:08,ETHUSDT,bid,2590,8535.004
2024-08-17 11:49:09,ETHUSDT,bid,2590,8535.004
2024-08-17 11:49:09,ETHUSDT,bid,2590,8535.004
2024-08-17 11:49:09,ETHUSDT,bid,2590,8535.004
2024-08-17 11:49:10,ETHUSDT,bid,2590,8535.004
2024-08-17 11:49:10,ETHUSDT,bid,2590,8535.49
2024-08-17 11:49:10,ETHUSDT,bid,2590,8535.004
2024-08-17 11:49:11,ETHUSDT,bid,2590,8535.004
2024-08-17 11:49:12,ETHUSDT,bid,2590,8543.29
2024-08-17 11:49:12,ETHUSDT,bid,2590,8535.004
2024-08-17 11:49:12,ETHUSDT,bid,2590,8535.234
2024-08-17 11:49:13,ETHUSDT,bid,2590,8535.234
2024-08-17 11:49:13,ETHUSDT,bid,2590,8541.006
2024-08-17 11:49:14,ETHUSDT,bid,2590,8541.111
2024-08-17 11:49:16,ETHUSDT,bid,2590,8541.111
2024-08-17 11:49:17,ETHUSDT,bid,2590,8535.339
2024-08-17 11:49:18,ETHUSDT,bid,2590,8543.625
2024-08-17 11:49:18,ETHUSDT,bid,2590,8535.339
2024-08-17 11:49:19,ETHUSDT,bid,2590,8535.339
2024-08-17 11:49:19,ETHUSDT,bid,2590,8546.879
2024-08-17 11:49:20,ETHUSDT,bid,2590,8563.505
2024-08-17 11:49:20,ETHUSDT,bid,2590,8563.505
2024-08-17 11:49:21,ETHUSDT,bid,2590,8572.169
2024-08-17 11:49:21,ETHUSDT,bid,2590,8563.505
2024-08-17 11:49:22,ETHUSDT,bid,2590,8563.505
2024-08-17 11:49:23,ETHUSDT,bid,2590,8563.505
2024-08-17 11:49:24,ETHUSDT,bid,2590,8572.169
2024-08-17 11:49:24,ETHUSDT,bid,2590,8563.505
2024-08-17 11:49:25,ETHUSDT,bid,2590,8563.505
2024-08-17 11:49:25,ETHUSDT,bid,2590,8546.879
2024-08-17 11:49:25,ETHUSDT,bid,2590,8546.879
2024-08-17 11:49:26,ETHUSDT,bid,2590,8546.879
2024-08-17 11:49:27,ETHUSDT,bid,2590,8555.165
2024-08-17 11:49:27,ETHUSDT,bid,2590,8546.879
2024-08-17 11:49:28,ETHUSDT,bid,2590,8546.879
2024-08-17 11:49:29,ETHUSDT,bid,2590,8546.879
2024-08-17 11:49:30,ETHUSDT,bid,2590,8572.613
2024-08-17 11:49:30,ETHUSDT,bid,2590,8546.879
2024-08-17 11:49:30,ETHUSDT,bid,2590,8580.648
2024-08-17 11:49:30,ETHUSDT,bid,2590,8572.362
2024-08-17 11:49:30,ETHUSDT,bid,2590,8546.879
2024-08-17 11:49:31,ETHUSDT,bid,2590,8546.879
2024-08-17 11:49:32,ETHUSDT,bid,2590,8555.165
2024-08-17 11:49:32,ETHUSDT,bid,2590,8546.879
2024-08-17 11:49:33,ETHUSDT,bid,2590,8546.879
2024-08-17 11:49:37,ETHUSDT,bid,2590,8571.525
2024-08-17 11:49:37,ETHUSDT,bid,2590,8559.985
2024-08-17 11:49:38,ETHUSDT,bid,2590,8535.339
2024-08-17 11:49:41,ETHUSDT,bid,2590,8536.039
2024-08-17 11:49:41,ETHUSDT,bid,2590,8536.839
2024-08-17 11:49:41,ETHUSDT,bid,2590,8536.039
2024-08-17 11:49:41,ETHUSDT,bid,2590,8537.963
2024-08-17 11:49:44,ETHUSDT,bid,2590,8537.863
2024-08-17 11:49:46,ETHUSDT,bid,2590,8537.863
2024-08-17 11:49:48,ETHUSDT,bid,2590,8537.863
2024-08-17 11:49:50,ETHUSDT,bid,2590,8546.149
2024-08-17 11:49:50,ETHUSDT,bid,2590,8537.863
2024-08-17 11:49:51,ETHUSDT,bid,2590,8546.149
2024-08-17 11:49:51,ETHUSDT,bid,2590,8537.863
2024-08-17 11:49:52,ETHUSDT,bid,2590,8549.0
2024-08-17 11:49:52,ETHUSDT,bid,2590,8549.0
2024-08-17 11:49:52,ETHUSDT,bid,2590,8546.476
2024-08-17 11:49:53,ETHUSDT,bid,2590,8546.476
2024-08-17 11:49:54,ETHUSDT,bid,2590,8546.476
2024-08-17 11:49:55,ETHUSDT,bid,2590,8546.476
2024-08-17 11:49:56,ETHUSDT,bid,2590,8554.762
2024-08-17 11:49:56,ETHUSDT,bid,2590,8546.476
2024-08-17 11:49:57,ETHUSDT,bid,2590,8546.476
2024-08-17 11:49:58,ETHUSDT,bid,2590,8554.762
2024-08-17 11:49:58,ETHUSDT,bid,2590,8546.476
2024-08-17 11:49:59,ETHUSDT,bid,2590,8554.762
2024-08-17 11:49:59,ETHUSDT,bid,2590,8546.476
2024-08-17 11:50:00,ETHUSDT,bid,2590,8546.476
2024-08-17 11:50:01,ETHUSDT,bid,2590,8554.762
2024-08-17 11:50:01,ETHUSDT,bid,2590,8546.476
2024-08-17 11:50:02,ETHUSDT,bid,2590,8554.762
2024-08-17 11:50:02,ETHUSDT,bid,2590,8546.476
2024-08-17 11:50:02,ETHUSDT,bid,2590,8535.339
2024-08-17 11:50:03,ETHUSDT,bid,2590,8535.339
2024-08-17 11:50:03,ETHUSDT,bid,2590,8547.063
2024-08-17 11:50:04,ETHUSDT,bid,2590,8547.063
2024-08-17 11:50:05,ETHUSDT,bid,2590,8555.727
2024-08-17 11:50:05,ETHUSDT,bid,2590,8546.88
2024-08-17 11:50:06,ETHUSDT,bid,2590,8555.166
2024-08-17 11:50:06,ETHUSDT,bid,2590,8546.88
2024-08-17 11:50:07,ETHUSDT,bid,2590,8546.88
2024-08-17 11:50:08,ETHUSDT,bid,2590,8551.689
2024-08-17 11:50:09,ETHUSDT,bid,2590,8559.975
2024-08-17 11:50:09,ETHUSDT,bid,2590,8551.689
2024-08-17 11:50:10,ETHUSDT,bid,2590,8551.689
2024-08-17 11:50:10,ETHUSDT,bid,2590,8539.813
2024-08-17 11:50:11,ETHUSDT,bid,2590,8535.004
2024-08-17 11:50:11,ETHUSDT,bid,2590,8535.399
2024-08-17 11:50:11,ETHUSDT,bid,2590,8535.399
2024-08-17 11:50:12,ETHUSDT,bid,2590,8544.063
2024-08-17 11:50:12,ETHUSDT,bid,2590,8535.399
2024-08-17 11:50:13,ETHUSDT,bid,2590,8535.399
2024-08-17 11:50:14,ETHUSDT,bid,2590,8535.399
2024-08-17 11:50:15,ETHUSDT,bid,2590,8543.685
2024-08-17 11:50:15,ETHUSDT,bid,2590,8535.399
2024-08-17 11:50:16,ETHUSDT,bid,2590,8535.399
2024-08-17 11:50:17,ETHUSDT,bid,2590,8535.399
2024-08-17 11:50:19,ETHUSDT,bid,2590,8535.399
2024-08-17 11:50:20,ETHUSDT,bid,2590,8535.004
2024-08-17 11:50:21,ETHUSDT,bid,2590,8535.004
2024-08-17 11:50:22,ETHUSDT,bid,2590,8543.668
2024-08-17 11:50:22,ETHUSDT,bid,2590,8535.004
2024-08-17 11:50:23,ETHUSDT,bid,2590,8543.29
2024-08-17 11:50:23,ETHUSDT,bid,2590,8535.004
2024-08-17 11:50:24,ETHUSDT,bid,2590,8535.004
2024-08-17 11:50:25,ETHUSDT,bid,2590,8535.004
2024-08-17 11:50:25,ETHUSDT,bid,2590,8535.004
2024-08-17 11:50:26,ETHUSDT,bid,2590,8543.29
2024-08-17 11:50:26,ETHUSDT,bid,2590,8535.004
2024-08-17 11:50:27,ETHUSDT,bid,2590,8543.29
2024-08-17 11:50:27,ETHUSDT,bid,2590,8535.004
2024-08-17 11:50:28,ETHUSDT,bid,2590,8535.004
2024-08-17 11:50:30,ETHUSDT,bid,2590,8543.29
2024-08-17 11:50:30,ETHUSDT,bid,2590,8535.004
2024-08-17 11:50:31,ETHUSDT,bid,2590,8543.29
2024-08-17 11:50:31,ETHUSDT,bid,2590,8535.004
2024-08-17 11:50:32,ETHUSDT,bid,2590,8535.004
2024-08-17 11:50:33,ETHUSDT,bid,2590,8535.584
2024-08-17 11:50:33,ETHUSDT,bid,2590,8543.121
2024-08-17 11:50:34,ETHUSDT,bid,2590,8548.891
2024-08-17 11:50:34,ETHUSDT,bid,2590,8543.141
2024-08-17 11:50:35,ETHUSDT,bid,2590,8543.141
2024-08-17 11:50:35,ETHUSDT,bid,2590,8543.141
2024-08-17 11:50:35,ETHUSDT,bid,2590,8543.141
2024-08-17 11:50:36,ETHUSDT,bid,2590,8543.141
2024-08-17 11:50:36,ETHUSDT,bid,2590,8543.141
2024-08-17 11:50:36,ETHUSDT,bid,2590,8543.141
2024-08-17 11:50:36,ETHUSDT,bid,2590,8543.141
2024-08-17 11:50:37,ETHUSDT,bid,2590,8552.427
2024-08-17 11:50:37,ETHUSDT,bid,2590,8544.141
2024-08-17 11:50:37,ETHUSDT,bid,2590,8544.141
2024-08-17 11:50:38,ETHUSDT,bid,2590,8544.083
2024-08-17 11:50:38,ETHUSDT,bid,2590,8543.083
2024-08-17 11:50:38,ETHUSDT,bid,2590,8543.083
2024-08-17 11:50:38,ETHUSDT,bid,2590,8543.083
2024-08-17 11:50:39,ETHUSDT,bid,2590,8543.083
2024-08-17 11:50:39,ETHUSDT,bid,2590,8543.083
2024-08-17 11:50:39,ETHUSDT,bid,2590,8543.083
2024-08-17 11:50:40,ETHUSDT,bid,2590,8551.369
2024-08-17 11:50:40,ETHUSDT,bid,2590,8543.083
2024-08-17 11:50:40,ETHUSDT,bid,2590,8543.083
2024-08-17 11:50:40,ETHUSDT,bid,2590,8543.083
2024-08-17 11:50:41,ETHUSDT,bid,2590,8543.083
2024-08-17 11:50:41,ETHUSDT,bid,2590,8551.369
2024-08-17 11:50:41,ETHUSDT,bid,2590,8543.083
2024-08-17 11:50:41,ETHUSDT,bid,2590,8543.083
2024-08-17 11:50:41,ETHUSDT,bid,2590,8543.083
2024-08-17 11:50:42,ETHUSDT,bid,2590,8543.083
2024-08-17 11:50:42,ETHUSDT,bid,2590,8544.083
2024-08-17 11:50:42,ETHUSDT,bid,2590,8544.083
2024-08-17 11:50:42,ETHUSDT,bid,2590,8543.083
2024-08-17 11:50:42,ETHUSDT,bid,2590,8543.083
2024-08-17 11:50:43,ETHUSDT,bid,2590,8551.369
2024-08-17 11:50:43,ETHUSDT,bid,2590,8543.083
2024-08-17 11:50:43,ETHUSDT,bid,2590,8543.083
2024-08-17 11:50:44,ETHUSDT,bid,2590,8543.083
2024-08-17 11:50:44,ETHUSDT,bid,2590,8551.369
2024-08-17 11:50:44,ETHUSDT,bid,2590,8543.083
2024-08-17 11:50:44,ETHUSDT,bid,2590,8544.083
2024-08-17 11:50:44,ETHUSDT,bid,2590,8543.083
2024-08-17 11:50:45,ETHUSDT,bid,2590,8543.083
2024-08-17 11:50:45,ETHUSDT,bid,2590,8543.083
2024-08-17 11:50:45,ETHUSDT,bid,2590,8543.083
2024-08-17 11:50:45,ETHUSDT,bid,2590,8543.083
2024-08-17 11:50:46,ETHUSDT,bid,2590,8543.083
2024-08-17 11:50:46,ETHUSDT,bid,2590,8543.083
2024-08-17 11:50:46,ETHUSDT,bid,2590,8543.083
2024-08-17 11:50:46,ETHUSDT,bid,2590,8543.083
2024-08-17 11:50:46,ETHUSDT,bid,2590,8543.083
2024-08-17 11:50:47,ETHUSDT,bid,2590,8543.063
2024-08-17 11:50:47,ETHUSDT,bid,2590,8554.603
2024-08-17 11:50:47,ETHUSDT,bid,2590,8554.603
2024-08-17 11:50:48,ETHUSDT,bid,2590,8554.603
2024-08-17 11:50:49,ETHUSDT,bid,2590,8562.889
2024-08-17 11:50:49,ETHUSDT,bid,2590,8554.603
2024-08-17 11:50:49,ETHUSDT,bid,2590,8542.483
2024-08-17 11:50:50,ETHUSDT,bid,2590,8542.867
2024-08-17 11:50:51,ETHUSDT,bid,2590,8542.867
2024-08-17 11:50:52,ETHUSDT,bid,2590,8542.867
2024-08-17 11:50:53,ETHUSDT,bid,2590,8542.483
2024-08-17 11:50:55,ETHUSDT,bid,2590,8550.769
2024-08-17 11:50:55,ETHUSDT,bid,2590,8542.483
2024-08-17 11:50:56,ETHUSDT,bid,2590,8542.483
2024-08-17 11:51:00,ETHUSDT,bid,2590,8551.148
2024-08-17 11:51:00,ETHUSDT,bid,2590,8542.483
2024-08-17 11:51:01,ETHUSDT,bid,2590,8542.483
2024-08-17 11:51:03,ETHUSDT,bid,2590,8542.483
2024-08-17 11:51:05,ETHUSDT,bid,2590,8542.483
2024-08-17 11:51:06,ETHUSDT,bid,2590,8550.769
2024-08-17 11:51:06,ETHUSDT,bid,2590,8542.483
2024-08-17 11:51:06,ETHUSDT,bid,2590,8542.878
2024-08-17 11:51:07,ETHUSDT,bid,2590,8542.878
2024-08-17 11:51:09,ETHUSDT,bid,2590,8538.593
2024-08-17 11:51:10,ETHUSDT,bid,2590,8536.871
2024-08-17 11:51:10,ETHUSDT,bid,2590,8534.946
2024-08-17 11:51:10,ETHUSDT,bid,2590,8534.946
2024-08-17 11:51:11,ETHUSDT,bid,2590,8534.946
2024-08-17 11:51:11,ETHUSDT,bid,2590,8537.346
2024-08-17 11:51:12,ETHUSDT,bid,2590,8545.632
2024-08-17 11:51:12,ETHUSDT,bid,2590,8537.346
2024-08-17 11:51:13,ETHUSDT,bid,2590,8546.011
2024-08-17 11:51:13,ETHUSDT,bid,2590,8537.346
2024-08-17 11:51:14,ETHUSDT,bid,2590,8537.346
2024-08-17 11:51:15,ETHUSDT,bid,2590,8546.011
2024-08-17 11:51:15,ETHUSDT,bid,2590,8537.346
2024-08-17 11:51:16,ETHUSDT,bid,2590,8537.346
2024-08-17 11:51:17,ETHUSDT,bid,2590,8537.346
2024-08-17 11:51:17,ETHUSDT,bid,2590,8548.294
2024-08-17 11:51:17,ETHUSDT,bid,2590,8548.313
2024-08-17 11:51:18,ETHUSDT,bid,2590,8556.599
2024-08-17 11:51:18,ETHUSDT,bid,2590,8548.313
2024-08-17 11:51:18,ETHUSDT,bid,2590,8550.266
2024-08-17 11:51:19,ETHUSDT,bid,2590,8550.266
2024-08-17 11:51:19,ETHUSDT,bid,2590,8548.313
2024-08-17 11:51:20,ETHUSDT,bid,2590,8548.313
2024-08-17 11:51:21,ETHUSDT,bid,2590,8548.313
2024-08-17 11:51:22,ETHUSDT,bid,2590,8556.978
2024-08-17 11:51:22,ETHUSDT,bid,2590,8548.313
2024-08-17 11:51:23,ETHUSDT,bid,2590,8548.313
2024-08-17 11:51:23,ETHUSDT,bid,2590,8537.365
2024-08-17 11:51:23,ETHUSDT,bid,2590,8537.346
2024-08-17 11:51:24,ETHUSDT,bid,2590,8537.346
2024-08-17 11:51:25,ETHUSDT,bid,2590,8546.011
2024-08-17 11:51:25,ETHUSDT,bid,2590,8537.346
2024-08-17 11:51:26,ETHUSDT,bid,2590,8545.632
2024-08-17 11:51:26,ETHUSDT,bid,2590,8537.346
2024-08-17 11:51:27,ETHUSDT,bid,2590,8537.346
2024-08-17 11:51:28,ETHUSDT,bid,2590,8537.346
2024-08-17 11:51:30,ETHUSDT,bid,2590,8537.346
2024-08-17 11:51:31,ETHUSDT,bid,2590,8537.346
2024-08-17 11:51:34,ETHUSDT,bid,2590,8537.346
2024-08-17 11:51:36,ETHUSDT,bid,2590,8537.346
2024-08-17 11:51:36,ETHUSDT,bid,2590,8537.354
2024-08-17 11:51:38,ETHUSDT,bid,2590,8537.346
2024-08-17 11:51:39,ETHUSDT,bid,2590,8537.346
2024-08-17 11:51:40,ETHUSDT,bid,2590,8537.346
2024-08-17 11:51:40,ETHUSDT,bid,2590,8535.176
2024-08-17 11:51:41,ETHUSDT,bid,2590,8544.771
2024-08-17 11:51:41,ETHUSDT,bid,2590,8536.485
2024-08-17 11:51:42,ETHUSDT,bid,2590,8536.485
2024-08-17 11:51:46,ETHUSDT,bid,2590,8536.485
2024-08-17 11:51:47,ETHUSDT,bid,2590,8536.485
2024-08-17 11:51:49,ETHUSDT,bid,2590,8544.771
2024-08-17 11:51:49,ETHUSDT,bid,2590,8536.485
2024-08-17 11:51:50,ETHUSDT,bid,2590,8536.485
2024-08-17 11:51:50,ETHUSDT,bid,2590,8534.946
2024-08-17 11:51:52,ETHUSDT,bid,2590,8543.232
2024-08-17 11:51:52,ETHUSDT,bid,2590,8534.946
2024-08-17 11:51:54,ETHUSDT,bid,2590,8534.946
2024-08-17 11:51:55,ETHUSDT,bid,2590,8543.232
2024-08-17 11:51:55,ETHUSDT,bid,2590,8534.946
2024-08-17 11:51:56,ETHUSDT,bid,2590,8543.232
2024-08-17 11:51:56,ETHUSDT,bid,2590,8534.946
2024-08-17 11:51:57,ETHUSDT,bid,2590,8543.232
2024-08-17 11:51:57,ETHUSDT,bid,2590,8534.946
2024-08-17 11:51:58,ETHUSDT,bid,2590,8534.946
2024-08-17 11:51:59,ETHUSDT,bid,2590,8534.946
2024-08-17 11:52:00,ETHUSDT,bid,2590,8543.232
2024-08-17 11:52:00,ETHUSDT,bid,2590,8534.946
2024-08-17 11:52:01,ETHUSDT,bid,2590,8543.232
2024-08-17 11:52:01,ETHUSDT,bid,2590,8534.946
2024-08-17 11:52:02,ETHUSDT,bid,2590,8534.946
2024-08-17 11:52:03,ETHUSDT,bid,2590,8543.232
2024-08-17 11:52:03,ETHUSDT,bid,2590,8534.946
2024-08-17 11:52:04,ETHUSDT,bid,2590,8534.946
2024-08-17 11:52:05,ETHUSDT,bid,2590,8534.946
2024-08-17 11:52:11,ETHUSDT,bid,2590,8534.946
2024-08-17 11:52:15,ETHUSDT,bid,2590,8543.232
2024-08-17 11:52:15,ETHUSDT,bid,2590,8534.946
2024-08-17 11:52:17,ETHUSDT,bid,2590,8543.232
2024-08-17 11:52:17,ETHUSDT,bid,2590,8534.946
2024-08-17 11:52:19,ETHUSDT,bid,2590,8543.232
2024-08-17 11:52:19,ETHUSDT,bid,2590,8534.946
2024-08-17 11:52:20,ETHUSDT,bid,2590,8543.232
2024-08-17 11:52:20,ETHUSDT,bid,2590,8534.946
2024-08-17 11:52:25,ETHUSDT,bid,2590,8534.946
2024-08-17 11:52:27,ETHUSDT,bid,2590,8534.946
2024-08-17 11:52:28,ETHUSDT,bid,2590,8534.946
2024-08-17 11:52:29,ETHUSDT,bid,2590,8534.946
2024-08-17 11:52:30,ETHUSDT,bid,2590,8543.232
2024-08-17 11:52:30,ETHUSDT,bid,2590,8534.946
2024-08-17 11:52:33,ETHUSDT,bid,2590,8534.946
2024-08-17 11:52:33,ETHUSDT,bid,2590,8536.127
2024-08-17 11:52:33,ETHUSDT,bid,2590,8536.617
2024-08-17 11:52:34,ETHUSDT,bid,2590,8536.127
2024-08-17 11:52:35,ETHUSDT,bid,2590,8536.127
2024-08-17 11:52:35,ETHUSDT,bid,2590,8554.466
2024-08-17 11:52:36,ETHUSDT,bid,2590,8562.752
2024-08-17 11:52:36,ETHUSDT,bid,2590,8554.466
2024-08-17 11:52:37,ETHUSDT,bid,2590,8554.466
2024-08-17 11:52:38,ETHUSDT,bid,2590,8554.466
2024-08-17 11:52:38,ETHUSDT,bid,2590,8554.466
2024-08-17 11:52:39,ETHUSDT,bid,2590,8562.752
2024-08-17 11:52:39,ETHUSDT,bid,2590,8554.466
2024-08-17 11:52:40,ETHUSDT,bid,2590,8554.466
2024-08-17 11:52:41,ETHUSDT,bid,2590,8562.752
2024-08-17 11:52:41,ETHUSDT,bid,2590,8554.466
2024-08-17 11:52:42,ETHUSDT,bid,2590,8562.752
2024-08-17 11:52:42,ETHUSDT,bid,2590,8554.466
2024-08-17 11:52:43,ETHUSDT,bid,2590,8536.127
2024-08-17 11:52:43,ETHUSDT,bid,2590,8536.127
2024-08-17 11:52:45,ETHUSDT,bid,2590,8538.279
2024-08-17 11:52:48,ETHUSDT,bid,2590,8546.565
2024-08-17 11:52:48,ETHUSDT,bid,2590,8538.279
2024-08-17 11:52:49,ETHUSDT,bid,2590,8546.565
2024-08-17 11:52:49,ETHUSDT,bid,2590,8538.279
2024-08-17 11:52:52,ETHUSDT,bid,2590,8546.565
2024-08-17 11:52:52,ETHUSDT,bid,2590,8538.279
2024-08-17 11:52:54,ETHUSDT,bid,2590,8538.279
2024-08-17 11:52:55,ETHUSDT,bid,2590,8546.565
2024-08-17 11:52:55,ETHUSDT,bid,2590,8538.279
2024-08-17 11:52:56,ETHUSDT,bid,2590,8538.279
2024-08-17 11:52:57,ETHUSDT,bid,2590,8538.279
2024-08-17 11:52:58,ETHUSDT,bid,2590,8546.565
2024-08-17 11:52:58,ETHUSDT,bid,2590,8538.279
2024-08-17 11:53:00,ETHUSDT,bid,2590,8546.565
2024-08-17 11:53:00,ETHUSDT,bid,2590,8538.279
2024-08-17 11:53:01,ETHUSDT,bid,2590,8538.279
2024-08-17 11:53:02,ETHUSDT,bid,2590,8538.279
2024-08-17 11:53:03,ETHUSDT,bid,2590,8546.565
2024-08-17 11:53:03,ETHUSDT,bid,2590,8538.279
2024-08-17 11:53:04,ETHUSDT,bid,2590,8538.279
2024-08-17 11:53:06,ETHUSDT,bid,2590,8538.279
2024-08-17 11:53:07,ETHUSDT,bid,2590,8546.565
2024-08-17 11:53:07,ETHUSDT,bid,2590,8538.279
2024-08-17 11:53:10,ETHUSDT,bid,2590,8546.565
2024-08-17 11:53:10,ETHUSDT,bid,2590,8538.279
2024-08-17 11:53:11,ETHUSDT,bid,2590,8538.279
2024-08-17 11:53:14,ETHUSDT,bid,2590,8538.279
2024-08-17 11:53:16,ETHUSDT,bid,2590,8546.565
2024-08-17 11:53:16,ETHUSDT,bid,2590,8538.279
2024-08-17 11:53:20,ETHUSDT,bid,2590,8538.279
2024-08-17 11:53:21,ETHUSDT,bid,2590,8546.565
2024-08-17 11:53:21,ETHUSDT,bid,2590,8538.279
2024-08-17 11:53:23,ETHUSDT,bid,2590,8546.565
2024-08-17 11:53:23,ETHUSDT,bid,2590,8538.279
2024-08-17 11:53:24,ETHUSDT,bid,2590,8538.868
2024-08-17 11:53:24,ETHUSDT,bid,2590,8538.868
2024-08-17 11:53:25,ETHUSDT,bid,2590,8538.868
2024-08-17 11:53:28,ETHUSDT,bid,2590,8538.868
2024-08-17 11:53:29,ETHUSDT,bid,2590,8538.279
2024-08-17 11:53:30,ETHUSDT,bid,2590,8546.565
2024-08-17 11:53:30,ETHUSDT,bid,2590,8538.279
2024-08-17 11:53:33,ETHUSDT,bid,2590,8546.565
2024-08-17 11:53:33,ETHUSDT,bid,2590,8538.279
2024-08-17 11:53:34,ETHUSDT,bid,2590,8538.279
2024-08-17 11:53:36,ETHUSDT,bid,2590,8538.279
2024-08-17 11:53:39,ETHUSDT,bid,2590,8546.565
2024-08-17 11:53:39,ETHUSDT,bid,2590,8538.279
2024-08-17 11:53:40,ETHUSDT,bid,2590,8538.279
2024-08-17 11:53:46,ETHUSDT,bid,2590,8546.565
2024-08-17 11:53:46,ETHUSDT,bid,2590,8538.279
2024-08-17 11:53:47,ETHUSDT,bid,2590,8544.413
2024-08-17 11:53:47,ETHUSDT,bid,2590,8544.413
2024-08-17 11:53:47,ETHUSDT,bid,2590,8553.0
2024-08-17 11:53:48,ETHUSDT,bid,2590,8543.533
2024-08-17 11:53:48,ETHUSDT,bid,2590,8543.933
2024-08-17 11:53:49,ETHUSDT,bid,2590,8543.933
2024-08-17 11:53:49,ETHUSDT,bid,2590,8545.857
2024-08-17 11:53:50,ETHUSDT,bid,2590,8545.857
2024-08-17 11:53:50,ETHUSDT,bid,2590,8545.457
2024-08-17 11:53:51,ETHUSDT,bid,2590,8553.743
2024-08-17 11:53:51,ETHUSDT,bid,2590,8545.457
2024-08-17 11:53:52,ETHUSDT,bid,2590,8545.457
2024-08-17 11:53:52,ETHUSDT,bid,2590,8569.773
2024-08-17 11:53:52,ETHUSDT,bid,2590,8545.457
2024-08-17 11:53:52,ETHUSDT,bid,2590,8547.575
2024-08-17 11:53:52,ETHUSDT,bid,2590,8571.402
2024-08-17 11:53:53,ETHUSDT,bid,2590,8582.458
2024-08-17 11:53:53,ETHUSDT,bid,2590,8571.402
2024-08-17 11:53:54,ETHUSDT,bid,2590,8571.702
2024-08-17 11:53:55,ETHUSDT,bid,2590,8571.722
2024-08-17 11:53:55,ETHUSDT,bid,2590,8571.722
2024-08-17 11:53:55,ETHUSDT,bid,2590,8571.622
2024-08-17 11:53:57,ETHUSDT,bid,2590,8571.602
2024-08-17 11:54:04,ETHUSDT,bid,2590,8571.402
2024-08-17 11:54:04,ETHUSDT,bid,2590,8571.402
2024-08-17 11:54:05,ETHUSDT,bid,2590,8572.327
2024-08-17 11:54:15,ETHUSDT,bid,2590,8572.347
2024-08-17 11:54:15,ETHUSDT,bid,2590,8572.327
2024-08-17 11:54:16,ETHUSDT,bid,2590,8572.347
2024-08-17 11:54:16,ETHUSDT,bid,2590,8572.727
2024-08-17 11:54:17,ETHUSDT,bid,2590,8572.327
2024-08-17 11:54:18,ETHUSDT,bid,2590,8572.727
2024-08-17 11:54:20,ETHUSDT,bid,2590,8572.747
2024-08-17 11:54:20,ETHUSDT,bid,2590,8572.727
2024-08-17 11:54:20,ETHUSDT,bid,2590,8574.68
2024-08-17 11:54:21,ETHUSDT,bid,2590,8572.727
2024-08-17 11:54:22,ETHUSDT,bid,2590,8572.747
2024-08-17 11:54:22,ETHUSDT,bid,2590,8572.347
2024-08-17 11:54:23,ETHUSDT,bid,2590,8572.327
2024-08-17 11:54:24,ETHUSDT,bid,2590,8572.327
2024-08-17 11:54:24,ETHUSDT,bid,2590,8572.347
2024-08-17 11:54:25,ETHUSDT,bid,2590,8572.327
2024-08-17 11:54:25,ETHUSDT,bid,2590,8572.347
2024-08-17 11:54:26,ETHUSDT,bid,2590,8574.3
2024-08-17 11:54:28,ETHUSDT,bid,2590,8572.347
2024-08-17 11:54:28,ETHUSDT,bid,2590,8572.385
2024-08-17 11:54:28,ETHUSDT,bid,2590,8572.347
2024-08-17 11:54:29,ETHUSDT,bid,2590,8572.327
2024-08-17 11:54:32,ETHUSDT,bid,2590,8572.347
2024-08-17 11:54:32,ETHUSDT,bid,2590,8572.327
2024-08-17 11:54:33,ETHUSDT,bid,2590,8572.327
2024-08-17 11:54:34,ETHUSDT,bid,2590,8571.402
2024-08-17 11:54:37,ETHUSDT,bid,2590,8560.456
2024-08-17 11:54:40,ETHUSDT,bid,2590,8571.494
2024-08-17 11:54:40,ETHUSDT,bid,2590,8560.456
2024-08-17 11:54:41,ETHUSDT,bid,2590,8560.868
2024-08-17 11:54:48,ETHUSDT,bid,2590,8558.986
2024-08-17 11:54:49,ETHUSDT,bid,2590,8534.946
2024-08-17 11:54:52,ETHUSDT,bid,2590,8558.973
2024-08-17 11:54:54,ETHUSDT,bid,2590,8564.534
2024-08-17 11:54:54,ETHUSDT,bid,2590,8558.973
2024-08-17 11:54:54,ETHUSDT,bid,2590,8534.946
2024-08-17 11:55:04,ETHUSDT,bid,2590,8535.011
2024-08-17 11:55:09,ETHUSDT,bid,2590,8536.936
2024-08-17 11:55:10,ETHUSDT,bid,2590,8535.011
2024-08-17 11:55:13,ETHUSDT,bid,2590,8540.669
2024-08-17 11:55:13,ETHUSDT,bid,2590,8535.011
2024-08-17 11:55:13,ETHUSDT,bid,2590,8535.411
2024-08-17 11:55:14,ETHUSDT,bid,2590,8537.336
2024-08-17 11:55:14,ETHUSDT,bid,2590,8542.994
2024-08-17 11:55:14,ETHUSDT,bid,2590,8536.936
2024-08-17 11:55:14,ETHUSDT,bid,2590,8536.936
2024-08-17 11:55:15,ETHUSDT,bid,2590,8562.306
2024-08-17 11:55:15,ETHUSDT,bid,2590,8562.706
2024-08-17 11:55:15,ETHUSDT,bid,2590,8563.091
2024-08-17 11:55:18,ETHUSDT,bid,2590,8563.111
2024-08-17 11:55:19,ETHUSDT,bid,2590,8563.091
2024-08-17 11:55:20,ETHUSDT,bid,2590,8563.491
2024-08-17 11:55:21,ETHUSDT,bid,2590,8561.566
2024-08-17 11:55:21,ETHUSDT,bid,2590,8561.166
2024-08-17 11:55:24,ETHUSDT,bid,2590,8560.766
2024-08-17 11:55:26,ETHUSDT,bid,2590,8585.032
2024-08-17 11:55:26,ETHUSDT,bid,2590,8584.653
2024-08-17 11:55:26,ETHUSDT,bid,2590,8560.381
2024-08-17 11:55:28,ETHUSDT,bid,2590,8560.381
2024-08-17 11:55:29,ETHUSDT,bid,2590,8568.667
2024-08-17 11:55:29,ETHUSDT,bid,2590,8560.381
2024-08-17 11:55:30,ETHUSDT,bid,2590,8568.667
2024-08-17 11:55:30,ETHUSDT,bid,2590,8560.381
2024-08-17 11:55:31,ETHUSDT,bid,2590,8560.381
2024-08-17 11:55:32,ETHUSDT,bid,2590,8568.667
2024-08-17 11:55:32,ETHUSDT,bid,2590,8560.381
2024-08-17 11:55:33,ETHUSDT,bid,2590,8560.381
2024-08-17 11:55:34,ETHUSDT,bid,2590,8568.97
2024-08-17 11:55:34,ETHUSDT,bid,2590,8551.889
2024-08-17 11:55:34,ETHUSDT,bid,2590,8543.603
2024-08-17 11:55:35,ETHUSDT,bid,2590,8543.723
2024-08-17 11:55:35,ETHUSDT,bid,2590,8552.009
2024-08-17 11:55:35,ETHUSDT,bid,2590,8543.723
2024-08-17 11:55:36,ETHUSDT,bid,2590,8543.723
2024-08-17 11:55:37,ETHUSDT,bid,2590,8543.723
2024-08-17 11:55:38,ETHUSDT,bid,1700,6044.203
2024-08-17 11:55:41,ETHUSDT,bid,2590,8552.009
2024-08-17 11:55:41,ETHUSDT,bid,2590,8543.723
2024-08-17 11:55:42,ETHUSDT,bid,2590,8543.723
2024-08-17 11:55:43,ETHUSDT,bid,2590,8543.723
2024-08-17 11:55:44,ETHUSDT,bid,2590,8543.723
2024-08-17 11:55:44,ETHUSDT,bid,2590,8543.731
2024-08-17 11:55:45,ETHUSDT,bid,2590,8543.731
2024-08-17 11:55:46,ETHUSDT,bid,2590,8543.731
2024-08-17 11:55:46,ETHUSDT,bid,2590,8543.723
2024-08-17 11:55:47,ETHUSDT,bid,2590,8543.723
2024-08-17 11:55:48,ETHUSDT,bid,2590,8552.009
2024-08-17 11:55:48,ETHUSDT,bid,2590,8543.723
2024-08-17 11:55:49,ETHUSDT,bid,2590,8552.009
2024-08-17 11:55:49,ETHUSDT,bid,2590,8543.723
2024-08-17 11:55:50,ETHUSDT,bid,2590,8552.009
2024-08-17 11:55:50,ETHUSDT,bid,2590,8543.723
2024-08-17 11:55:51,ETHUSDT,bid,2590,8552.009
2024-08-17 11:55:51,ETHUSDT,bid,2590,8543.731
2024-08-17 11:55:52,ETHUSDT,bid,2590,8552.017
2024-08-17 11:55:52,ETHUSDT,bid,2590,8543.731
2024-08-17 11:55:53,ETHUSDT,bid,2590,8549.503
2024-08-17 11:55:53,ETHUSDT,bid,2590,8549.495
2024-08-17 11:55:53,ETHUSDT,bid,2590,8557.781
2024-08-17 11:55:53,ETHUSDT,bid,2590,8549.495
2024-08-17 11:55:53,ETHUSDT,bid,2590,8543.723
2024-08-17 11:55:54,ETHUSDT,bid,2590,8535.134
2024-08-17 11:55:55,ETHUSDT,bid,2590,8543.42
2024-08-17 11:55:55,ETHUSDT,bid,2590,8535.134
2024-08-17 11:55:56,ETHUSDT,bid,2590,8543.42
2024-08-17 11:55:56,ETHUSDT,bid,2590,8535.134
2024-08-17 11:55:58,ETHUSDT,bid,2590,8543.42
2024-08-17 11:55:58,ETHUSDT,bid,2590,8535.134
2024-08-17 11:55:59,ETHUSDT,bid,2590,8553.473
2024-08-17 11:56:00,ETHUSDT,bid,2590,8553.405
2024-08-17 11:56:02,ETHUSDT,bid,2590,8561.691
2024-08-17 11:56:02,ETHUSDT,bid,2590,8553.405
2024-08-17 11:56:04,ETHUSDT,bid,2590,8553.405
2024-08-17 11:56:05,ETHUSDT,bid,2590,8553.405
2024-08-17 11:56:08,ETHUSDT,bid,2590,8553.405
2024-08-17 11:56:10,ETHUSDT,bid,2590,8553.405
2024-08-17 11:56:10,ETHUSDT,bid,2590,8535.066
2024-08-17 11:56:11,ETHUSDT,bid,2590,8535.066
2024-08-17 11:56:12,ETHUSDT,bid,2590,8546.615
2024-08-17 11:56:12,ETHUSDT,bid,2590,8543.352
2024-08-17 11:56:12,ETHUSDT,bid,2590,8535.066
2024-08-17 11:56:14,ETHUSDT,bid,2590,8535.066
2024-08-17 11:56:19,ETHUSDT,bid,2590,6644.044
2024-08-17 11:56:24,ETHUSDT,bid,2590,6644.825
2024-08-17 11:56:28,ETHUSDT,bid,2590,6646.778
2024-08-17 11:56:29,ETHUSDT,bid,2590,6644.825
2024-08-17 11:56:30,ETHUSDT,bid,2590,6645.204
2024-08-17 11:56:30,ETHUSDT,bid,2590,6644.825
2024-08-17 11:56:33,ETHUSDT,bid,2590,6644.844
2024-08-17 11:56:34,ETHUSDT,bid,2590,6645.144
2024-08-17 11:56:35,ETHUSDT,bid,2590,6645.144
2024-08-17 11:56:36,ETHUSDT,bid,2590,6653.43
2024-08-17 11:56:36,ETHUSDT,bid,2590,6645.144
2024-08-17 11:56:37,ETHUSDT,bid,2590,6644.844
2024-08-17 11:56:37,ETHUSDT,bid,2590,6644.844
2024-08-17 11:56:37,ETHUSDT,bid,2590,6645.422
2024-08-17 11:56:38,ETHUSDT,bid,2590,6653.708
2024-08-17 11:56:38,ETHUSDT,bid,2590,6645.422
2024-08-17 11:56:39,ETHUSDT,bid,2590,6653.708
2024-08-17 11:56:39,ETHUSDT,bid,2590,6645.422
2024-08-17 11:56:39,ETHUSDT,bid,2590,6656.192
2024-08-17 11:56:40,ETHUSDT,bid,2590,6656.192
2024-08-17 11:56:41,ETHUSDT,bid,2590,6664.478
2024-08-17 11:56:41,ETHUSDT,bid,2590,6656.192
2024-08-17 11:56:42,ETHUSDT,bid,2590,6664.478
2024-08-17 11:56:42,ETHUSDT,bid,2590,6656.192
2024-08-17 11:56:42,ETHUSDT,bid,2590,6656.839
2024-08-17 11:56:43,ETHUSDT,bid,2590,6656.839
2024-08-17 11:56:44,ETHUSDT,bid,2590,6656.839
2024-08-17 11:56:54,ETHUSDT,bid,2590,6644.702
2024-08-17 11:57:00,ETHUSDT,bid,2590,6656.251
2024-08-17 11:57:00,ETHUSDT,bid,2590,6656.63
2024-08-17 11:57:00,ETHUSDT,bid,2590,6656.251
2024-08-17 11:57:01,ETHUSDT,bid,2590,6644.702
2024-08-17 11:57:01,ETHUSDT,bid,2590,6644.702
2024-08-17 11:57:02,ETHUSDT,bid,2590,6646.655
2024-08-17 11:57:02,ETHUSDT,bid,2590,6646.655
2024-08-17 11:57:03,ETHUSDT,bid,2590,6644.702
2024-08-17 11:57:03,ETHUSDT,bid,2590,6645.081
2024-08-17 11:57:03,ETHUSDT,bid,2590,6644.702
2024-08-17 11:57:04,ETHUSDT,bid,2590,6646.626
2024-08-17 11:57:05,ETHUSDT,bid,2590,6647.005
2024-08-17 11:57:05,ETHUSDT,bid,2590,6646.626
2024-08-17 11:57:06,ETHUSDT,bid,2590,6646.626
2024-08-17 11:57:06,ETHUSDT,bid,2590,6644.702
2024-08-17 11:57:07,ETHUSDT,bid,2590,6646.008
2024-08-17 11:57:08,ETHUSDT,bid,2590,6646.308
2024-08-17 11:57:08,ETHUSDT,bid,2590,6644.355
2024-08-17 11:57:08,ETHUSDT,bid,2590,6644.055
2024-08-17 11:57:09,ETHUSDT,bid,2590,6644.455
2024-08-17 11:57:09,ETHUSDT,bid,2590,6644.055
2024-08-17 11:57:09,ETHUSDT,bid,2590,6644.702
2024-08-17 11:57:10,ETHUSDT,bid,2590,6655.095
2024-08-17 11:57:12,ETHUSDT,bid,2590,6655.095
2024-08-17 11:57:12,ETHUSDT,bid,2590,6657.048
2024-08-17 11:57:14,ETHUSDT,bid,2590,6655.095
2024-08-17 11:57:15,ETHUSDT,bid,2590,6655.095
2024-08-17 11:57:17,ETHUSDT,bid,2590,6655.865
2024-08-17 11:57:17,ETHUSDT,bid,2590,6655.603
2024-08-17 11:57:17,ETHUSDT,bid,2590,6654.448
2024-08-17 11:57:18,ETHUSDT,bid,2590,6654.448
2024-08-17 11:57:19,ETHUSDT,bid,2590,6654.448
2024-08-17 11:57:20,ETHUSDT,bid,2590,6663.113
2024-08-17 11:57:20,ETHUSDT,bid,2590,6644.055
2024-08-17 11:57:21,ETHUSDT,bid,2590,6652.341
2024-08-17 11:57:21,ETHUSDT,bid,2590,6644.055
2024-08-17 11:57:22,ETHUSDT,bid,2590,6644.055
2024-08-17 11:57:23,ETHUSDT,bid,2590,6644.055
2024-08-17 11:57:23,ETHUSDT,bid,2590,6644.055
2024-08-17 11:57:24,ETHUSDT,bid,2590,6644.055
2024-08-17 11:57:25,ETHUSDT,bid,2590,6644.055
2024-08-17 11:57:26,ETHUSDT,bid,2590,6652.341
2024-08-17 11:57:26,ETHUSDT,bid,2590,6644.055
2024-08-17 11:57:27,ETHUSDT,bid,2590,6652.341
2024-08-17 11:57:27,ETHUSDT,bid,2590,6644.055
2024-08-17 11:57:28,ETHUSDT,bid,2590,6644.055
2024-08-17 11:57:29,ETHUSDT,bid,2590,6644.055
2024-08-17 11:57:30,ETHUSDT,bid,2590,6652.72
2024-08-17 11:57:30,ETHUSDT,bid,2590,6644.055
2024-08-17 11:57:31,ETHUSDT,bid,2590,6644.055
2024-08-17 11:57:32,ETHUSDT,bid,2590,6644.055
2024-08-17 11:57:34,ETHUSDT,bid,2590,6644.055
2024-08-17 11:57:34,ETHUSDT,bid,2590,6644.055
2024-08-17 11:57:35,ETHUSDT,bid,2590,6652.341
2024-08-17 11:57:35,ETHUSDT,bid,2590,6644.055
2024-08-17 11:57:35,ETHUSDT,bid,2590,6657.908
2024-08-17 11:57:36,ETHUSDT,bid,2590,6657.908
2024-08-17 11:57:37,ETHUSDT,bid,2590,6657.908
2024-08-17 11:57:38,ETHUSDT,bid,2590,6666.194
2024-08-17 11:57:38,ETHUSDT,bid,2590,6657.908
2024-08-17 11:57:39,ETHUSDT,bid,2590,6666.194
2024-08-17 11:57:39,ETHUSDT,bid,2590,6657.908
2024-08-17 11:57:40,ETHUSDT,bid,2590,6657.908
2024-08-17 11:57:40,ETHUSDT,bid,2590,6657.908
2024-08-17 11:57:41,ETHUSDT,bid,2590,6666.194
2024-08-17 11:57:41,ETHUSDT,bid,2590,6657.908
2024-08-17 11:57:43,ETHUSDT,bid,2590,6657.908
2024-08-17 11:57:44,ETHUSDT,bid,2590,6666.194
2024-08-17 11:57:44,ETHUSDT,bid,2590,6657.908
2024-08-17 11:57:45,ETHUSDT,bid,2590,6666.194
2024-08-17 11:57:45,ETHUSDT,bid,2590,6644.055
2024-08-17 11:57:45,ETHUSDT,bid,2590,6657.908
2024-08-17 11:57:49,ETHUSDT,bid,2590,6657.908
2024-08-17 11:57:50,ETHUSDT,bid,2590,6657.908
2024-08-17 11:57:50,ETHUSDT,bid,2590,6657.908
2024-08-17 11:57:51,ETHUSDT,bid,2590,6666.194
2024-08-17 11:57:51,ETHUSDT,bid,2590,6657.908
2024-08-17 11:57:52,ETHUSDT,bid,2590,6657.908
2024-08-17 11:57:53,ETHUSDT,bid,2590,6658.138
2024-08-17 11:57:53,ETHUSDT,bid,2590,6666.424
2024-08-17 11:57:53,ETHUSDT,bid,2590,6658.138
2024-08-17 11:57:54,ETHUSDT,bid,2590,6666.424
2024-08-17 11:57:54,ETHUSDT,bid,2590,6658.138
2024-08-17 11:57:54,ETHUSDT,bid,2590,6658.729
2024-08-17 11:57:55,ETHUSDT,bid,2590,6644.876
2024-08-17 11:57:56,ETHUSDT,bid,2590,6644.876
2024-08-17 11:57:57,ETHUSDT,bid,2590,6644.876
2024-08-17 11:57:58,ETHUSDT,bid,2590,6644.876
2024-08-17 11:57:59,ETHUSDT,bid,2590,6644.285
2024-08-17 11:57:59,ETHUSDT,bid,2590,6644.055
2024-08-17 11:58:00,ETHUSDT,bid,2590,6652.341
2024-08-17 11:58:00,ETHUSDT,bid,2590,6644.055
2024-08-17 11:58:01,ETHUSDT,bid,2590,6652.341
2024-08-17 11:58:01,ETHUSDT,bid,2590,6644.055
2024-08-17 11:58:02,ETHUSDT,bid,2590,6644.055
2024-08-17 11:58:03,ETHUSDT,bid,2590,6644.055
2024-08-17 11:58:04,ETHUSDT,bid,2590,6652.341
2024-08-17 11:58:04,ETHUSDT,bid,2590,6644.055
2024-08-17 11:58:05,ETHUSDT,bid,2590,6644.055
2024-08-17 11:58:11,ETHUSDT,bid,2590,6644.055
2024-08-17 11:58:14,ETHUSDT,bid,2590,6644.055
2024-08-17 11:58:15,ETHUSDT,bid,2590,6644.055
2024-08-17 11:58:18,ETHUSDT,bid,2590,6644.055
2024-08-17 11:58:34,ETHUSDT,bid,2590,6652.341
2024-08-17 11:58:34,ETHUSDT,bid,2590,6644.055
2024-08-17 11:58:37,ETHUSDT,bid,2590,6652.341
2024-08-17 11:58:37,ETHUSDT,bid,2590,6644.055
2024-08-17 11:58:41,ETHUSDT,bid,2590,6644.055
2024-08-17 11:58:47,ETHUSDT,bid,2590,6644.055
2024-08-17 11:58:48,ETHUSDT,bid,2590,6644.055
2024-08-17 11:58:49,ETHUSDT,bid,2590,6644.055
2024-08-17 11:58:50,ETHUSDT,bid,2590,6644.055
2024-08-17 11:58:52,ETHUSDT,bid,2590,6652.341
2024-08-17 11:58:52,ETHUSDT,bid,2590,6644.055
2024-08-17 11:58:53,ETHUSDT,bid,2590,6644.055
2024-08-17 11:58:54,ETHUSDT,bid,2590,6644.055
2024-08-17 11:58:55,ETHUSDT,bid,2590,6652.341
2024-08-17 11:58:55,ETHUSDT,bid,2590,6644.055
2024-08-17 11:58:56,ETHUSDT,bid,2590,6644.055
2024-08-17 11:58:57,ETHUSDT,bid,2590,6652.341
2024-08-17 11:58:57,ETHUSDT,bid,2590,6644.055
2024-08-17 11:58:58,ETHUSDT,bid,2590,6644.055
2024-08-17 11:59:01,ETHUSDT,bid,2590,6644.055
2024-08-17 11:59:21,ETHUSDT,bid,2590,6644.066
2024-08-17 11:59:32,ETHUSDT,bid,2590,6644.055
2024-08-17 11:59:37,ETHUSDT,bid,2590,6662.535
2024-08-17 11:59:53,ETHUSDT,bid,2590,6668.304
2024-08-17 11:59:55,ETHUSDT,bid,2590,6669.988
2024-08-17 12:00:02,ETHUSDT,bid,2590,6651.508
2024-08-17 12:00:09,ETHUSDT,bid,2590,6659.794
2024-08-17 12:00:09,ETHUSDT,bid,2590,6651.508
2024-08-17 12:00:19,ETHUSDT,bid,2590,6651.508
2024-08-17 12:00:20,ETHUSDT,bid,2590,6651.508
2024-08-17 12:00:20,ETHUSDT,bid,2590,6662.583
2024-08-17 12:00:20,ETHUSDT,bid,2590,6654.001
2024-08-17 12:00:21,ETHUSDT,bid,2590,6654.001
2024-08-17 12:00:23,ETHUSDT,bid,2590,6662.287
2024-08-17 12:00:23,ETHUSDT,bid,2590,6654.001
2024-08-17 12:00:24,ETHUSDT,bid,2590,6654.001
2024-08-17 12:00:25,ETHUSDT,bid,2590,6662.287
2024-08-17 12:00:25,ETHUSDT,bid,2590,6654.001
2024-08-17 12:00:27,ETHUSDT,bid,2590,6652.317
2024-08-17 12:00:28,ETHUSDT,bid,2590,6660.603
2024-08-17 12:00:28,ETHUSDT,bid,2590,6652.317
2024-08-17 12:00:33,ETHUSDT,bid,2590,6652.317
2024-08-17 12:00:34,ETHUSDT,bid,2590,6652.317
2024-08-17 12:00:35,ETHUSDT,bid,2590,6660.603
2024-08-17 12:00:35,ETHUSDT,bid,2590,6652.317
2024-08-17 12:00:36,ETHUSDT,bid,2590,6652.317
2024-08-17 12:00:38,ETHUSDT,bid,2590,6660.603
2024-08-17 12:00:38,ETHUSDT,bid,2590,6652.317
2024-08-17 12:00:39,ETHUSDT,bid,2590,6656.299
2024-08-17 12:00:39,ETHUSDT,bid,2590,6656.299
2024-08-17 12:00:40,ETHUSDT,bid,2590,6650.53
2024-08-17 12:00:40,ETHUSDT,bid,2590,6659.041
2024-08-17 12:00:40,ETHUSDT,bid,2590,6650.755
2024-08-17 12:00:40,ETHUSDT,bid,2590,6652.694
2024-08-17 12:00:40,ETHUSDT,bid,2590,6648.712
2024-08-17 12:00:57,ETHUSDT,bid,2590,6649.112
2024-08-17 12:00:57,ETHUSDT,bid,2590,6649.112
2024-08-17 12:00:57,ETHUSDT,bid,2590,6648.712
2024-08-17 12:00:58,ETHUSDT,bid,2590,6648.712
2024-08-17 12:00:58,ETHUSDT,bid,2590,6653.521
2024-08-17 12:00:58,ETHUSDT,bid,2590,6651.357
2024-08-17 12:00:59,ETHUSDT,bid,2590,6660.597
2024-08-17 12:01:01,ETHUSDT,bid,2590,6668.883
2024-08-17 12:01:01,ETHUSDT,bid,2590,6660.597
2024-08-17 12:01:02,ETHUSDT,bid,2590,6660.597
2024-08-17 12:01:04,ETHUSDT,bid,2590,6660.597
2024-08-17 12:01:05,ETHUSDT,bid,2590,6660.597
2024-08-17 12:01:06,ETHUSDT,bid,2590,6660.597
2024-08-17 12:01:07,ETHUSDT,bid,2590,6660.597
2024-08-17 12:01:08,ETHUSDT,bid,2590,6660.597
2024-08-17 12:01:10,ETHUSDT,bid,2590,6660.597
2024-08-17 12:01:11,ETHUSDT,bid,2590,6660.597
2024-08-17 12:01:12,ETHUSDT,bid,2590,6660.597
2024-08-17 12:01:13,ETHUSDT,bid,2590,6669.262
2024-08-17 12:01:13,ETHUSDT,bid,2590,6660.597
2024-08-17 12:01:14,ETHUSDT,bid,2590,6660.597
2024-08-17 12:01:15,ETHUSDT,bid,2590,6660.597
2024-08-17 12:01:16,ETHUSDT,bid,2590,6668.883
2024-08-17 12:01:16,ETHUSDT,bid,2590,6660.597
2024-08-17 12:01:19,ETHUSDT,bid,2590,6660.597
2024-08-17 12:01:20,ETHUSDT,bid,2590,6660.597
2024-08-17 12:01:20,ETHUSDT,bid,2590,6655.788
2024-08-17 12:01:21,ETHUSDT,bid,2590,6655.788
2024-08-17 12:01:22,ETHUSDT,bid,2590,6655.788
2024-08-17 12:01:23,ETHUSDT,bid,2590,6664.074
2024-08-17 12:01:23,ETHUSDT,bid,2590,6655.788
2024-08-17 12:01:24,ETHUSDT,bid,2590,6664.074
2024-08-17 12:01:24,ETHUSDT,bid,2590,6655.788
2024-08-17 12:01:25,ETHUSDT,bid,2590,6655.788
2024-08-17 12:01:26,ETHUSDT,bid,2590,6664.074
2024-08-17 12:01:26,ETHUSDT,bid,2590,6655.788
2024-08-17 12:01:27,ETHUSDT,bid,2590,6655.788
2024-08-17 12:01:28,ETHUSDT,bid,2590,6655.788
2024-08-17 12:01:29,ETHUSDT,bid,2590,6655.788
2024-08-17 12:01:30,ETHUSDT,bid,2590,6664.074
2024-08-17 12:01:30,ETHUSDT,bid,2590,6655.788
2024-08-17 12:01:32,ETHUSDT,bid,2590,6664.074
2024-08-17 12:01:32,ETHUSDT,bid,2590,6655.788
2024-08-17 12:01:33,ETHUSDT,bid,2590,6655.788
2024-08-17 12:01:34,ETHUSDT,bid,2590,6664.074
2024-08-17 12:01:34,ETHUSDT,bid,2590,6655.788
2024-08-17 12:01:36,ETHUSDT,bid,2590,6655.788
2024-08-17 12:01:39,ETHUSDT,bid,2590,6664.074
2024-08-17 12:01:39,ETHUSDT,bid,2590,6655.788
2024-08-17 12:01:39,ETHUSDT,bid,2590,6656.366
2024-08-17 12:01:40,ETHUSDT,bid,2590,6656.366
2024-08-17 12:01:41,ETHUSDT,bid,2590,6656.366
2024-08-17 12:01:42,ETHUSDT,bid,2590,6656.366
2024-08-17 12:01:43,ETHUSDT,bid,2590,6664.652
2024-08-17 12:01:43,ETHUSDT,bid,2590,6656.366
2024-08-17 12:01:44,ETHUSDT,bid,2590,6656.366
2024-08-17 12:01:45,ETHUSDT,bid,2590,6656.366
2024-08-17 12:01:51,ETHUSDT,bid,2590,6656.366
2024-08-17 12:01:52,ETHUSDT,bid,2590,6656.366
2024-08-17 12:01:53,ETHUSDT,bid,2590,6664.652
2024-08-17 12:01:53,ETHUSDT,bid,2590,6656.366
2024-08-17 12:01:54,ETHUSDT,bid,2590,6656.366
2024-08-17 12:01:55,ETHUSDT,bid,2590,6655.788
2024-08-17 12:01:55,ETHUSDT,bid,2590,6655.788
2024-08-17 12:01:57,ETHUSDT,bid,2590,6655.788
2024-08-17 12:01:59,ETHUSDT,bid,2590,6655.788
2024-08-17 12:02:00,ETHUSDT,bid,2590,6646.548
2024-08-17 12:02:02,ETHUSDT,bid,2590,6646.548
2024-08-17 12:02:06,ETHUSDT,bid,2590,6646.548
2024-08-17 12:02:07,ETHUSDT,bid,2590,6654.834
2024-08-17 12:02:07,ETHUSDT,bid,2590,6646.548
2024-08-17 12:02:09,ETHUSDT,bid,2590,6646.548
2024-08-17 12:02:14,ETHUSDT,bid,2590,6968.053
2024-08-17 12:02:14,ETHUSDT,bid,2590,6646.548
2024-08-17 12:02:22,ETHUSDT,bid,2590,6646.548
2024-08-17 12:02:25,ETHUSDT,bid,2590,6654.834
2024-08-17 12:02:25,ETHUSDT,bid,2590,6646.548
2024-08-17 12:02:27,ETHUSDT,bid,2590,6646.548
2024-08-17 12:02:28,ETHUSDT,bid,2590,6654.834
2024-08-17 12:02:28,ETHUSDT,bid,2590,6646.548
2024-08-17 12:02:29,ETHUSDT,bid,2590,6646.548
2024-08-17 12:02:29,ETHUSDT,bid,2590,6646.675
2024-08-17 12:02:29,ETHUSDT,bid,2590,6646.675
2024-08-17 12:02:30,ETHUSDT,bid,2590,6646.675
2024-08-17 12:02:31,ETHUSDT,bid,2590,6646.675
2024-08-17 12:02:32,ETHUSDT,bid,2590,6654.961
2024-08-17 12:02:32,ETHUSDT,bid,2590,6646.675
2024-08-17 12:02:32,ETHUSDT,bid,2590,6652.445
2024-08-17 12:02:33,ETHUSDT,bid,2590,6652.445
2024-08-17 12:02:34,ETHUSDT,bid,2590,6656.052
2024-08-17 12:02:34,ETHUSDT,bid,2590,6644.513
2024-08-17 12:02:35,ETHUSDT,bid,2590,6644.513
2024-08-17 12:02:36,ETHUSDT,bid,2590,6652.799
2024-08-17 12:02:36,ETHUSDT,bid,2590,6644.513
2024-08-17 12:02:37,ETHUSDT,bid,2590,6644.513
2024-08-17 12:02:38,ETHUSDT,bid,2590,6644.513
2024-08-17 12:02:39,ETHUSDT,bid,2590,6644.513
2024-08-17 12:02:40,ETHUSDT,bid,2590,6644.513
2024-08-17 12:02:41,ETHUSDT,bid,2590,6652.799
2024-08-17 12:02:41,ETHUSDT,bid,2590,6644.513
2024-08-17 12:02:42,ETHUSDT,bid,2590,6652.799
2024-08-17 12:02:42,ETHUSDT,bid,2590,6644.513
2024-08-17 12:02:42,ETHUSDT,bid,2590,6644.743
2024-08-17 12:02:43,ETHUSDT,bid,2590,6653.029
2024-08-17 12:02:43,ETHUSDT,bid,2590,6644.743
2024-08-17 12:02:44,ETHUSDT,bid,2590,6644.743
2024-08-17 12:02:45,ETHUSDT,bid,2590,6644.412
2024-08-17 12:02:47,ETHUSDT,bid,2590,6644.182
2024-08-17 12:02:48,ETHUSDT,bid,2590,6652.468
2024-08-17 12:02:48,ETHUSDT,bid,2590,6644.182
2024-08-17 12:02:51,ETHUSDT,bid,2590,6644.182
2024-08-17 12:02:52,ETHUSDT,bid,2590,6644.182
2024-08-17 12:02:53,ETHUSDT,bid,2590,6652.468
2024-08-17 12:02:53,ETHUSDT,bid,2590,6644.182
2024-08-17 12:02:55,ETHUSDT,bid,2590,6644.182
2024-08-17 12:02:56,ETHUSDT,bid,2590,6644.182
2024-08-17 12:02:57,ETHUSDT,bid,2590,6644.182
2024-08-17 12:02:58,ETHUSDT,bid,2590,6652.468
2024-08-17 12:02:58,ETHUSDT,bid,2590,6644.182
2024-08-17 12:03:02,ETHUSDT,bid,2590,6644.182
2024-08-17 12:03:03,ETHUSDT,bid,2590,6644.182
2024-08-17 12:03:04,ETHUSDT,bid,2590,6644.182
2024-08-17 12:03:06,ETHUSDT,bid,2590,6644.182
2024-08-17 12:03:09,ETHUSDT,bid,2590,6644.182
2024-08-17 12:03:10,ETHUSDT,bid,2590,6652.468
2024-08-17 12:03:10,ETHUSDT,bid,2590,6644.182
2024-08-17 12:03:11,ETHUSDT,bid,2590,6652.468
2024-08-17 12:03:11,ETHUSDT,bid,2590,6644.182
2024-08-17 12:03:11,ETHUSDT,bid,2590,6644.055
2024-08-17 12:03:14,ETHUSDT,bid,2590,6644.256
2024-08-17 12:03:14,ETHUSDT,bid,2590,6644.264
2024-08-17 12:03:16,ETHUSDT,bid,2590,6644.256
2024-08-17 12:03:30,ETHUSDT,bid,2590,6652.542
2024-08-17 12:03:30,ETHUSDT,bid,2590,6644.256
2024-08-17 12:03:31,ETHUSDT,bid,2590,6644.266
2024-08-17 12:03:32,ETHUSDT,bid,2590,6644.266
2024-08-17 12:03:33,ETHUSDT,bid,2590,6652.552
2024-08-17 12:03:33,ETHUSDT,bid,2590,6644.266
2024-08-17 12:03:35,ETHUSDT,bid,2590,6644.065
2024-08-17 12:03:37,ETHUSDT,bid,2590,6644.065
2024-08-17 12:03:38,ETHUSDT,bid,2590,6644.065
2024-08-17 12:03:41,ETHUSDT,bid,2590,6644.065
2024-08-17 12:03:44,ETHUSDT,bid,2590,6652.351
2024-08-17 12:03:44,ETHUSDT,bid,2590,6644.065
2024-08-17 12:03:46,ETHUSDT,bid,2590,6644.065
2024-08-17 12:03:47,ETHUSDT,bid,2590,6652.351
2024-08-17 12:03:47,ETHUSDT,bid,2590,6644.065
2024-08-17 12:03:48,ETHUSDT,bid,2590,6644.065
2024-08-17 12:03:52,ETHUSDT,bid,2590,6652.351
2024-08-17 12:03:52,ETHUSDT,bid,2590,6644.065
2024-08-17 12:03:56,ETHUSDT,bid,2590,6644.065
2024-08-17 12:03:57,ETHUSDT,bid,2590,6644.065
2024-08-17 12:04:02,ETHUSDT,bid,2590,6652.351
2024-08-17 12:04:02,ETHUSDT,bid,2590,6644.065
2024-08-17 12:04:03,ETHUSDT,bid,2590,6644.065
2024-08-17 12:04:09,ETHUSDT,bid,2590,6652.351
2024-08-17 12:04:09,ETHUSDT,bid,2590,6644.065
2024-08-17 12:04:11,ETHUSDT,bid,2590,6644.055
2024-08-17 12:04:12,ETHUSDT,bid,2590,6644.055
2024-08-17 12:04:13,ETHUSDT,bid,2590,6652.72
2024-08-17 12:04:13,ETHUSDT,bid,2590,6644.055
2024-08-17 12:04:14,ETHUSDT,bid,2590,6644.055
2024-08-17 12:04:15,ETHUSDT,bid,2590,6652.72
2024-08-17 12:04:15,ETHUSDT,bid,2590,6644.055
2024-08-17 12:04:16,ETHUSDT,bid,2590,6644.055
2024-08-17 12:04:17,ETHUSDT,bid,2590,6644.055
2024-08-17 12:04:18,ETHUSDT,bid,2590,6644.755
2024-08-17 12:04:19,ETHUSDT,bid,2590,6653.441
2024-08-17 12:04:19,ETHUSDT,bid,2590,6645.155
2024-08-17 12:04:19,ETHUSDT,bid,2590,6644.755
2024-08-17 12:04:20,ETHUSDT,bid,2590,6644.055
2024-08-17 12:04:21,ETHUSDT,bid,2590,6644.255
2024-08-17 12:04:24,ETHUSDT,bid,2590,6652.541
2024-08-17 12:04:26,ETHUSDT,bid,2590,6652.341
2024-08-17 12:04:31,ETHUSDT,bid,2590,6652.541
2024-08-17 12:04:32,ETHUSDT,bid,2590,6652.641
2024-08-17 12:04:32,ETHUSDT,bid,2590,6652.341
2024-08-17 12:04:35,ETHUSDT,bid,2590,6652.341
2024-08-17 12:04:35,ETHUSDT,bid,2590,6652.441
2024-08-17 12:04:37,ETHUSDT,bid,2590,6644.155
2024-08-17 12:04:40,ETHUSDT,bid,2590,6644.055
2024-08-17 12:04:47,ETHUSDT,bid,2590,6646.008
2024-08-17 12:04:47,ETHUSDT,bid,2590,6646.408
2024-08-17 12:04:48,ETHUSDT,bid,2590,6644.455
2024-08-17 12:04:49,ETHUSDT,bid,2590,6644.055
2024-08-17 12:05:01,ETHUSDT,bid,2590,6644.055
2024-08-17 12:05:01,ETHUSDT,bid,2590,6644.855
2024-08-17 12:05:02,ETHUSDT,bid,2590,6644.055
2024-08-17 12:05:02,ETHUSDT,bid,2590,6644.055
2024-08-17 12:05:03,ETHUSDT,bid,2590,6644.055
2024-08-17 12:05:04,ETHUSDT,bid,2590,6644.434
2024-08-17 12:05:04,ETHUSDT,bid,2590,6644.055
2024-08-17 12:05:05,ETHUSDT,bid,2590,6655.602
2024-08-17 12:05:07,ETHUSDT,bid,2590,6655.602
2024-08-17 12:05:08,ETHUSDT,bid,2590,6655.602
2024-08-17 12:05:09,ETHUSDT,bid,2590,6657.527
2024-08-17 12:05:11,ETHUSDT,bid,2590,6645.98
2024-08-17 12:05:12,ETHUSDT,bid,2590,6646.365
2024-08-17 12:05:12,ETHUSDT,bid,2590,6645.98
2024-08-17 12:05:15,ETHUSDT,bid,2590,6646.571
2024-08-17 12:05:17,ETHUSDT,bid,2590,6648.524
2024-08-17 12:05:18,ETHUSDT,bid,2590,6646.571
2024-08-17 12:05:19,ETHUSDT,bid,2590,6645.98
2024-08-17 12:05:21,ETHUSDT,bid,2590,6648.72
2024-08-17 12:05:21,ETHUSDT,bid,2590,6646.795
2024-08-17 12:05:21,ETHUSDT,bid,2590,6648.395
2024-08-17 12:05:22,ETHUSDT,bid,2590,6645.655
2024-08-17 12:05:22,ETHUSDT,bid,2590,6646.034
2024-08-17 12:05:22,ETHUSDT,bid,2590,6645.655
2024-08-17 12:05:22,ETHUSDT,bid,2590,6646.233
2024-08-17 12:05:23,ETHUSDT,bid,2590,6646.233
2024-08-17 12:05:24,ETHUSDT,bid,2590,6646.233
2024-08-17 12:05:25,ETHUSDT,bid,2590,6654.898
2024-08-17 12:05:25,ETHUSDT,bid,2590,6646.233
2024-08-17 12:05:30,ETHUSDT,bid,2590,6652.919
2024-08-17 12:05:30,ETHUSDT,bid,2590,6644.633
2024-08-17 12:05:31,ETHUSDT,bid,2590,6652.919
2024-08-17 12:05:31,ETHUSDT,bid,2590,6644.633
2024-08-17 12:05:32,ETHUSDT,bid,2590,6644.633
2024-08-17 12:05:33,ETHUSDT,bid,2590,6644.633
2024-08-17 12:05:34,ETHUSDT,bid,2590,6652.919
2024-08-17 12:05:34,ETHUSDT,bid,2590,6644.633
2024-08-17 12:05:35,ETHUSDT,bid,2590,6652.919
2024-08-17 12:05:35,ETHUSDT,bid,2590,6644.633
2024-08-17 12:05:35,ETHUSDT,bid,2590,6645.858
2024-08-17 12:05:38,ETHUSDT,bid,2590,6645.558
2024-08-17 12:05:38,ETHUSDT,bid,2590,6652.499
2024-08-17 12:05:39,ETHUSDT,bid,2590,6647.923
2024-08-17 12:05:39,ETHUSDT,bid,2590,6645.558
2024-08-17 12:05:40,ETHUSDT,bid,2590,6647.923
2024-08-17 12:05:41,ETHUSDT,bid,2590,6645.558
2024-08-17 12:05:42,ETHUSDT,bid,2590,6657.105
2024-08-17 12:05:43,ETHUSDT,bid,2590,6644.055
2024-08-17 12:05:45,ETHUSDT,bid,2590,6644.655
2024-08-17 12:05:45,ETHUSDT,bid,2590,6647.02
2024-08-17 12:05:46,ETHUSDT,bid,2590,6644.655
2024-08-17 12:05:46,ETHUSDT,bid,2590,6647.02
2024-08-17 12:05:47,ETHUSDT,bid,2590,6644.655
2024-08-17 12:05:47,ETHUSDT,bid,2590,6647.02
2024-08-17 12:05:48,ETHUSDT,bid,2590,6646.62
2024-08-17 12:05:48,ETHUSDT,bid,2590,6644.255
2024-08-17 12:05:50,ETHUSDT,bid,2590,6644.055
2024-08-17 12:05:53,ETHUSDT,bid,2590,6644.055
2024-08-17 12:05:53,ETHUSDT,bid,2590,6644.455
2024-08-17 12:05:55,ETHUSDT,bid,2590,6644.055
2024-08-17 12:06:01,ETHUSDT,bid,2590,6648.055
2024-08-17 12:06:01,ETHUSDT,bid,2590,6653.588
2024-08-17 12:06:01,ETHUSDT,bid,2590,6648.055
2024-08-17 12:06:04,ETHUSDT,bid,2590,6644.055
2024-08-17 12:06:05,ETHUSDT,bid,2590,6644.702
2024-08-17 12:06:07,ETHUSDT,bid,2590,6650.259
2024-08-17 12:06:07,ETHUSDT,bid,2590,6644.702
2024-08-17 12:06:08,ETHUSDT,bid,2590,6650.275
2024-08-17 12:06:09,ETHUSDT,bid,2590,6644.702
2024-08-17 12:06:10,ETHUSDT,bid,2590,6644.702
2024-08-17 12:06:15,ETHUSDT,bid,2590,6645.102
2024-08-17 12:06:16,ETHUSDT,bid,2590,6644.702
2024-08-17 12:06:16,ETHUSDT,bid,2590,6618.778
2024-08-17 12:06:16,ETHUSDT,bid,2590,6618.756
2024-08-17 12:06:16,ETHUSDT,bid,2590,6619.332
2024-08-17 12:06:17,ETHUSDT,bid,2590,6619.309
2024-08-17 12:06:17,ETHUSDT,bid,2590,6619.319
2024-08-17 12:06:17,ETHUSDT,bid,2590,6619.316
2024-08-17 12:06:17,ETHUSDT,bid,2590,6619.326
2024-08-17 12:06:17,ETHUSDT,bid,2590,6620.934
2024-08-17 12:06:17,ETHUSDT,bid,2590,6620.934
2024-08-17 12:06:17,ETHUSDT,bid,2590,6620.924
2024-08-17 12:06:17,ETHUSDT,bid,2590,6620.908
2024-08-17 12:06:18,ETHUSDT,bid,2590,6620.896
2024-08-17 12:06:18,ETHUSDT,bid,2590,6620.875
2024-08-17 12:06:19,ETHUSDT,bid,2590,6620.933
2024-08-17 12:06:19,ETHUSDT,bid,2590,6620.943
2024-08-17 12:06:19,ETHUSDT,bid,2590,6621.243
2024-08-17 12:06:19,ETHUSDT,bid,2590,6621.257
2024-08-17 12:06:19,ETHUSDT,bid,2590,6622.097
2024-08-17 12:06:19,ETHUSDT,bid,2590,6622.493
2024-08-17 12:06:20,ETHUSDT,bid,2590,6622.503
2024-08-17 12:06:20,ETHUSDT,bid,2590,6622.493
2024-08-17 12:06:20,ETHUSDT,bid,2590,6626.503
2024-08-17 12:06:20,ETHUSDT,bid,2590,6617.928
2024-08-17 12:06:22,ETHUSDT,bid,2590,6617.87
2024-08-17 12:06:24,ETHUSDT,bid,2590,6617.47
2024-08-17 12:06:27,ETHUSDT,bid,2590,6617.87
2024-08-17 12:06:34,ETHUSDT,bid,2590,6618.386
2024-08-17 12:06:38,ETHUSDT,bid,2590,6617.986
2024-08-17 12:06:40,ETHUSDT,bid,2590,6621.986
2024-08-17 12:06:40,ETHUSDT,bid,2590,6617.986
2024-08-17 12:06:44,ETHUSDT,bid,2590,6622.986
2024-08-17 12:06:46,ETHUSDT,bid,2590,6623.392
2024-08-17 12:06:48,ETHUSDT,bid,2590,6625.137
2024-08-17 12:06:50,ETHUSDT,bid,2590,6634.758
2024-08-17 12:06:50,ETHUSDT,bid,2590,6665.753
2024-08-17 12:06:50,ETHUSDT,bid,2590,6665.278
2024-08-17 12:06:51,ETHUSDT,bid,2590,6673.564
2024-08-17 12:06:51,ETHUSDT,bid,2590,6665.278
2024-08-17 12:06:53,ETHUSDT,bid,2590,6665.289
2024-08-17 12:06:53,ETHUSDT,bid,2590,6665.289
2024-08-17 12:06:53,ETHUSDT,bid,2590,6662.45
2024-08-17 12:06:54,ETHUSDT,bid,2590,6670.736
2024-08-17 12:06:54,ETHUSDT,bid,2590,6638.967
2024-08-17 12:06:55,ETHUSDT,bid,2590,6623.162
2024-08-17 12:06:57,ETHUSDT,bid,2590,6623.162
2024-08-17 12:06:58,ETHUSDT,bid,2590,6623.162
2024-08-17 12:07:00,ETHUSDT,bid,2590,6631.828
2024-08-17 12:07:00,ETHUSDT,bid,2590,6623.162
2024-08-17 12:07:01,ETHUSDT,bid,2590,6623.162
2024-08-17 12:07:02,ETHUSDT,bid,2590,6623.162
2024-08-17 12:07:03,ETHUSDT,bid,2590,6623.162
2024-08-17 12:07:03,ETHUSDT,bid,2590,6623.151
2024-08-17 12:07:04,ETHUSDT,bid,2590,6631.437
2024-08-17 12:07:04,ETHUSDT,bid,2590,6623.151
2024-08-17 12:07:05,ETHUSDT,bid,2590,6623.151
2024-08-17 12:07:06,ETHUSDT,bid,2590,6631.437
2024-08-17 12:07:06,ETHUSDT,bid,2590,6623.151
2024-08-17 12:07:07,ETHUSDT,bid,2590,6623.263
2024-08-17 12:07:09,ETHUSDT,bid,2590,6623.263
2024-08-17 12:07:11,ETHUSDT,bid,2590,6623.494
2024-08-17 12:07:11,ETHUSDT,bid,2590,6623.494
2024-08-17 12:07:11,ETHUSDT,bid,2590,6623.263
2024-08-17 12:07:13,ETHUSDT,bid,2590,6623.263
2024-08-17 12:07:14,ETHUSDT,bid,2590,6631.929
2024-08-17 12:07:14,ETHUSDT,bid,2590,6623.263
2024-08-17 12:07:15,ETHUSDT,bid,2590,6623.263
2024-08-17 12:07:16,ETHUSDT,bid,2590,6623.263
2024-08-17 12:07:17,ETHUSDT,bid,2590,6623.263
2024-08-17 12:07:18,ETHUSDT,bid,2590,6623.263
2024-08-17 12:07:19,ETHUSDT,bid,2590,6623.263
2024-08-17 12:07:20,ETHUSDT,bid,2590,6631.929
2024-08-17 12:07:20,ETHUSDT,bid,2590,6623.263
2024-08-17 12:07:21,ETHUSDT,bid,2590,6631.549
2024-08-17 12:07:21,ETHUSDT,bid,2590,6623.263
2024-08-17 12:07:21,ETHUSDT,bid,2590,6627.113
2024-08-17 12:07:23,ETHUSDT,bid,2590,6622.442
2024-08-17 12:07:24,ETHUSDT,bid,2590,6622.33
2024-08-17 12:07:27,ETHUSDT,bid,2590,6622.33
2024-08-17 12:07:28,ETHUSDT,bid,2590,6630.616
2024-08-17 12:07:28,ETHUSDT,bid,2590,6622.33
2024-08-17 12:07:29,ETHUSDT,bid,2590,6622.33
2024-08-17 12:07:30,ETHUSDT,bid,2590,6630.616
2024-08-17 12:07:30,ETHUSDT,bid,2590,6622.33
2024-08-17 12:07:31,ETHUSDT,bid,2590,6622.281
2024-08-17 12:07:31,ETHUSDT,bid,2590,6622.281
2024-08-17 12:07:33,ETHUSDT,bid,2590,6622.281
2024-08-17 12:07:34,ETHUSDT,bid,2590,6622.281
2024-08-17 12:07:35,ETHUSDT,bid,2590,6630.567
2024-08-17 12:07:35,ETHUSDT,bid,2590,6622.281
2024-08-17 12:07:36,ETHUSDT,bid,2590,6622.281
2024-08-17 12:07:39,ETHUSDT,bid,2590,6622.281
2024-08-17 12:07:40,ETHUSDT,bid,2590,6622.281
2024-08-17 12:07:41,ETHUSDT,bid,2590,6622.281
2024-08-17 12:07:47,ETHUSDT,bid,2590,6622.281
2024-08-17 12:07:48,ETHUSDT,bid,2590,6622.281
2024-08-17 12:07:49,ETHUSDT,bid,2590,6630.567
2024-08-17 12:07:49,ETHUSDT,bid,2590,6622.281
2024-08-17 12:07:52,ETHUSDT,bid,2590,6622.281
2024-08-17 12:07:53,ETHUSDT,bid,2590,6622.281
2024-08-17 12:07:54,ETHUSDT,bid,2590,6630.567
2024-08-17 12:07:54,ETHUSDT,bid,2590,6622.281
2024-08-17 12:07:55,ETHUSDT,bid,2590,6630.567
2024-08-17 12:07:55,ETHUSDT,bid,2590,6622.281
2024-08-17 12:07:58,ETHUSDT,bid,2590,6630.567
2024-08-17 12:07:58,ETHUSDT,bid,2590,6622.281
2024-08-17 12:07:59,ETHUSDT,bid,2590,6622.797
2024-08-17 12:08:00,ETHUSDT,bid,2590,6622.797
2024-08-17 12:08:01,ETHUSDT,bid,2590,6622.797
2024-08-17 12:08:02,ETHUSDT,bid,2590,6631.083
2024-08-17 12:08:02,ETHUSDT,bid,2590,6622.797
2024-08-17 12:08:03,ETHUSDT,bid,2590,6622.797
2024-08-17 12:08:03,ETHUSDT,bid,2590,6625.281
2024-08-17 12:08:04,ETHUSDT,bid,2590,6622.281
2024-08-17 12:08:04,ETHUSDT,bid,2590,6632.97
2024-08-17 12:08:04,ETHUSDT,bid,2590,6632.97
2024-08-17 12:08:05,ETHUSDT,bid,2590,6632.97
2024-08-17 12:08:05,ETHUSDT,bid,2590,6632.99
2024-08-17 12:08:05,ETHUSDT,bid,2590,6632.97
2024-08-17 12:08:06,ETHUSDT,bid,2590,6647.028
2024-08-17 12:08:06,ETHUSDT,bid,2590,6625.281
2024-08-17 12:08:06,ETHUSDT,bid,2590,6634.617
2024-08-17 12:08:07,ETHUSDT,bid,2590,6634.617
2024-08-17 12:08:07,ETHUSDT,bid,2590,6634.521
2024-08-17 12:08:07,ETHUSDT,bid,2590,6631.521
2024-08-17 12:08:08,ETHUSDT,bid,2590,6631.521
2024-08-17 12:08:12,ETHUSDT,bid,2590,6631.521
2024-08-17 12:08:12,ETHUSDT,bid,2590,6631.529
2024-08-17 12:08:13,ETHUSDT,bid,2590,6631.529
2024-08-17 12:08:14,ETHUSDT,bid,2590,6631.521
2024-08-17 12:08:15,ETHUSDT,bid,2590,6640.187
2024-08-17 12:08:15,ETHUSDT,bid,2590,6631.521
2024-08-17 12:08:16,ETHUSDT,bid,2590,6631.529
2024-08-17 12:08:16,ETHUSDT,bid,2590,6631.529
2024-08-17 12:08:17,ETHUSDT,bid,2590,6640.195
2024-08-17 12:08:17,ETHUSDT,bid,2590,6631.529
2024-08-17 12:08:18,ETHUSDT,bid,2590,6631.521
2024-08-17 12:08:18,ETHUSDT,bid,2590,6639.807
2024-08-17 12:08:18,ETHUSDT,bid,2590,6631.521
2024-08-17 12:08:19,ETHUSDT,bid,2590,6631.521
2024-08-17 12:08:20,ETHUSDT,bid,2590,6631.529
2024-08-17 12:08:21,ETHUSDT,bid,2590,6639.815
2024-08-17 12:08:21,ETHUSDT,bid,2590,6631.529
2024-08-17 12:08:21,ETHUSDT,bid,2590,6631.521
2024-08-17 12:08:22,ETHUSDT,bid,2590,6634.521
2024-08-17 12:08:22,ETHUSDT,bid,2590,6631.521
2024-08-17 12:08:25,ETHUSDT,bid,2590,6631.521
2024-08-17 12:08:28,ETHUSDT,bid,2590,6631.529
2024-08-17 12:08:28,ETHUSDT,bid,2590,6631.529
2024-08-17 12:08:30,ETHUSDT,bid,2590,6631.521
2024-08-17 12:08:31,ETHUSDT,bid,2590,6640.187
2024-08-17 12:08:31,ETHUSDT,bid,2590,6631.521
2024-08-17 12:08:34,ETHUSDT,bid,2590,6631.521
2024-08-17 12:08:35,ETHUSDT,bid,2590,6631.521
2024-08-17 12:08:36,ETHUSDT,bid,2590,6639.807
2024-08-17 12:08:36,ETHUSDT,bid,2590,6631.521
2024-08-17 12:08:37,ETHUSDT,bid,2590,6639.807
2024-08-17 12:08:37,ETHUSDT,bid,2590,6631.521
2024-08-17 12:08:39,ETHUSDT,bid,2590,6631.521
2024-08-17 12:08:40,ETHUSDT,bid,2590,6631.521
2024-08-17 12:08:41,ETHUSDT,bid,2590,6631.521
2024-08-17 12:08:42,ETHUSDT,bid,2590,6631.521
2024-08-17 12:08:43,ETHUSDT,bid,2590,6633.474
2024-08-17 12:08:44,ETHUSDT,bid,2590,6641.76
2024-08-17 12:08:44,ETHUSDT,bid,2590,6633.474
2024-08-17 12:08:44,ETHUSDT,bid,2590,6631.521
2024-08-17 12:08:45,ETHUSDT,bid,2590,6639.807
2024-08-17 12:08:45,ETHUSDT,bid,2590,6631.521
2024-08-17 12:08:46,ETHUSDT,bid,2590,6639.807
2024-08-17 12:08:46,ETHUSDT,bid,2590,6631.521
2024-08-17 12:08:47,ETHUSDT,bid,2590,6631.521
2024-08-17 12:08:49,ETHUSDT,bid,2590,6630.587
2024-08-17 12:08:49,ETHUSDT,bid,2590,6630.577
2024-08-17 12:08:52,ETHUSDT,bid,2590,6631.078
2024-08-17 12:08:52,ETHUSDT,bid,2590,6633.003
2024-08-17 12:08:54,ETHUSDT,bid,2590,6634.956
2024-08-17 12:08:54,ETHUSDT,bid,2590,6633.031
2024-08-17 12:08:55,ETHUSDT,bid,2590,6631.078
2024-08-17 12:09:04,ETHUSDT,bid,2590,6631.478
2024-08-17 12:09:06,ETHUSDT,bid,2590,6630.577
2024-08-17 12:09:07,ETHUSDT,bid,2590,6630.567
2024-08-17 12:09:07,ETHUSDT,bid,2590,6630.952
2024-08-17 12:09:07,ETHUSDT,bid,2590,6630.567
2024-08-17 12:09:08,ETHUSDT,bid,2590,6630.577
2024-08-17 12:09:11,ETHUSDT,bid,2590,6631.077
2024-08-17 12:09:13,ETHUSDT,bid,2590,6630.977
2024-08-17 12:09:16,ETHUSDT,bid,2590,6630.577
2024-08-17 12:09:20,ETHUSDT,bid,2590,6630.867
2024-08-17 12:09:20,ETHUSDT,bid,2590,6630.567
2024-08-17 12:09:20,ETHUSDT,bid,2590,6622.281
2024-08-17 12:09:29,ETHUSDT,bid,2590,6626.281
2024-08-17 12:09:36,ETHUSDT,bid,2590,6622.281
2024-08-17 12:09:37,ETHUSDT,bid,2590,6622.381
2024-08-17 12:09:38,ETHUSDT,bid,2590,6622.281
2024-08-17 12:09:39,ETHUSDT,bid,2590,6622.481
2024-08-17 12:09:41,ETHUSDT,bid,2590,6622.581
2024-08-17 12:09:41,ETHUSDT,bid,2590,6622.981
2024-08-17 12:09:41,ETHUSDT,bid,2590,6623.366
2024-08-17 12:09:41,ETHUSDT,bid,2590,6623.0
2024-08-17 12:09:43,ETHUSDT,bid,2590,6622.4
2024-08-17 12:09:44,ETHUSDT,bid,2590,6622.3
2024-08-17 12:09:52,ETHUSDT,bid,2590,6630.586
2024-08-17 12:09:56,ETHUSDT,bid,2590,6630.586
2024-08-17 12:09:56,ETHUSDT,bid,2590,6630.567
2024-08-17 12:10:03,ETHUSDT,bid,2590,6631.367
2024-08-17 12:10:04,ETHUSDT,bid,2590,6630.567
2024-08-17 12:10:06,ETHUSDT,bid,2590,6622.281
2024-08-17 12:10:19,ETHUSDT,bid,2590,6631.106
2024-08-17 12:10:19,ETHUSDT,bid,2590,6619.351
2024-08-17 12:10:19,ETHUSDT,bid,2590,6619.359
2024-08-17 12:10:19,ETHUSDT,bid,2590,6619.092
2024-08-17 12:10:20,ETHUSDT,bid,2590,6610.283
2024-08-17 12:10:20,ETHUSDT,bid,2590,6610.13
2024-08-17 12:10:20,ETHUSDT,bid,2590,6610.108
2024-08-17 12:10:20,ETHUSDT,bid,2590,6610.131
2024-08-17 12:10:20,ETHUSDT,bid,2590,6610.107
2024-08-17 12:10:20,ETHUSDT,bid,2590,6610.002
2024-08-17 12:10:21,ETHUSDT,bid,2590,6610.345
2024-08-17 12:10:21,ETHUSDT,bid,2590,6610.324
2024-08-17 12:10:22,ETHUSDT,bid,2590,6607.324
2024-08-17 12:10:22,ETHUSDT,bid,2590,6607.008
2024-08-17 12:10:22,ETHUSDT,bid,2590,6610.758
2024-08-17 12:10:22,ETHUSDT,bid,2590,6608.593
2024-08-17 12:10:23,ETHUSDT,bid,2590,6607.893
2024-08-17 12:10:23,ETHUSDT,bid,2590,6607.867
2024-08-17 12:10:23,ETHUSDT,bid,2590,6607.894
2024-08-17 12:10:25,ETHUSDT,bid,2590,6600.054
2024-08-17 12:10:25,ETHUSDT,bid,2590,6607.789
2024-08-17 12:10:25,ETHUSDT,bid,2590,6607.685
2024-08-17 12:10:25,ETHUSDT,bid,2590,6607.72
2024-08-17 12:10:26,ETHUSDT,bid,2590,6396.053
2024-08-17 12:10:26,ETHUSDT,bid,2590,6396.043
2024-08-17 12:10:26,ETHUSDT,bid,2590,6397.243
2024-08-17 12:10:26,ETHUSDT,bid,2590,6397.253
2024-08-17 12:10:27,ETHUSDT,bid,2590,6397.244
2024-08-17 12:10:27,ETHUSDT,bid,2590,6397.237
2024-08-17 12:10:27,ETHUSDT,bid,2590,6397.227
2024-08-17 12:10:27,ETHUSDT,bid,2590,6399.162
2024-08-17 12:10:27,ETHUSDT,bid,2590,6397.191
2024-08-17 12:10:27,ETHUSDT,bid,2590,6397.182
2024-08-17 12:10:27,ETHUSDT,bid,2590,6397.29
2024-08-17 12:10:28,ETHUSDT,bid,2590,6397.28
2024-08-17 12:10:28,ETHUSDT,bid,2590,6396.07
2024-08-17 12:10:29,ETHUSDT,bid,2590,6387.842
2024-08-17 12:10:30,ETHUSDT,bid,2590,6387.854
2024-08-17 12:10:30,ETHUSDT,bid,2590,6395.455
2024-08-17 12:10:30,ETHUSDT,bid,2590,6395.442
2024-08-17 12:10:31,ETHUSDT,bid,2590,6395.433
2024-08-17 12:10:31,ETHUSDT,bid,2590,6395.424
2024-08-17 12:10:31,ETHUSDT,bid,2590,6395.418
2024-08-17 12:10:32,ETHUSDT,bid,2590,6395.11
2024-08-17 12:10:32,ETHUSDT,bid,2590,6399.11
2024-08-17 12:10:33,ETHUSDT,bid,2590,6400.888
2024-08-17 12:10:33,ETHUSDT,bid,2590,6401.293
2024-08-17 12:10:33,ETHUSDT,bid,2590,6401.294
2024-08-17 12:10:34,ETHUSDT,bid,2590,6387.7
2024-08-17 12:10:34,ETHUSDT,bid,2590,6395.544
2024-08-17 12:10:34,ETHUSDT,bid,2590,6395.539
2024-08-17 12:10:35,ETHUSDT,bid,2590,6395.556
2024-08-17 12:10:35,ETHUSDT,bid,2590,6395.547
2024-08-17 12:10:36,ETHUSDT,bid,2590,6395.547
2024-08-17 12:10:36,ETHUSDT,bid,2590,6395.548
2024-08-17 12:10:36,ETHUSDT,bid,2590,6395.645
2024-08-17 12:10:36,ETHUSDT,bid,2590,6387.887
2024-08-17 12:10:37,ETHUSDT,bid,2590,6387.861
2024-08-17 12:10:37,ETHUSDT,bid,2590,6387.852
2024-08-17 12:10:37,ETHUSDT,bid,2590,6387.798
2024-08-17 12:10:37,ETHUSDT,bid,2590,6395.659
2024-08-17 12:10:37,ETHUSDT,bid,2590,6395.721
2024-08-17 12:10:37,ETHUSDT,bid,2590,6395.681
2024-08-17 12:10:38,ETHUSDT,bid,2590,6395.671
2024-08-17 12:10:38,ETHUSDT,bid,2590,6395.68
2024-08-17 12:10:38,ETHUSDT,bid,2590,6395.679
2024-08-17 12:10:39,ETHUSDT,bid,2590,6395.652
2024-08-17 12:10:39,ETHUSDT,bid,2590,6395.493
2024-08-17 12:10:39,ETHUSDT,bid,2590,6395.502
2024-08-17 12:10:39,ETHUSDT,bid,2590,6395.322
2024-08-17 12:10:39,ETHUSDT,bid,2590,6395.2
2024-08-17 12:10:39,ETHUSDT,bid,2590,6395.186
2024-08-17 12:10:40,ETHUSDT,bid,2590,6395.088
2024-08-17 12:10:40,ETHUSDT,bid,2590,6395.087
2024-08-17 12:10:41,ETHUSDT,bid,2590,6395.076
2024-08-17 12:10:41,ETHUSDT,bid,2590,6395.085
2024-08-17 12:10:41,ETHUSDT,bid,2590,6395.057
2024-08-17 12:10:41,ETHUSDT,bid,2590,6395.004
2024-08-17 12:10:41,ETHUSDT,bid,2590,6395.006
2024-08-17 12:10:41,ETHUSDT,bid,2590,6395.001
2024-08-17 12:10:41,ETHUSDT,bid,2590,6393.826
2024-08-17 12:10:42,ETHUSDT,bid,2590,6393.624
2024-08-17 12:10:42,ETHUSDT,bid,2590,6393.641
2024-08-17 12:10:42,ETHUSDT,bid,2590,6393.696
2024-08-17 12:10:42,ETHUSDT,bid,2590,6393.721
2024-08-17 12:10:42,ETHUSDT,bid,2590,6393.696
2024-08-17 12:10:43,ETHUSDT,bid,2590,6393.643
2024-08-17 12:10:43,ETHUSDT,bid,2590,6393.645
2024-08-17 12:10:43,ETHUSDT,bid,2590,6395.57
2024-08-17 12:10:43,ETHUSDT,bid,2590,6393.661
2024-08-17 12:10:43,ETHUSDT,bid,2590,6394.0
2024-08-17 12:10:43,ETHUSDT,bid,2590,6394.22
2024-08-17 12:10:44,ETHUSDT,bid,2590,6393.99
2024-08-17 12:10:44,ETHUSDT,bid,2590,6393.988
2024-08-17 12:10:44,ETHUSDT,bid,2590,6394.003
2024-08-17 12:10:44,ETHUSDT,bid,2590,6394.091
2024-08-17 12:10:44,ETHUSDT,bid,2590,6365.628
2024-08-17 12:10:45,ETHUSDT,bid,2590,6365.611
2024-08-17 12:10:45,ETHUSDT,bid,2590,6365.586
2024-08-17 12:10:45,ETHUSDT,bid,2590,6365.538
2024-08-17 12:10:45,ETHUSDT,bid,2590,6365.598
2024-08-17 12:10:46,ETHUSDT,bid,2590,6365.608
2024-08-17 12:10:46,ETHUSDT,bid,2590,6365.597
2024-08-17 12:10:46,ETHUSDT,bid,2590,6347.209
2024-08-17 12:10:46,ETHUSDT,bid,2590,6343.217
2024-08-17 12:10:46,ETHUSDT,bid,2590,6343.215
2024-08-17 12:10:47,ETHUSDT,bid,2590,6343.153
2024-08-17 12:10:47,ETHUSDT,bid,2590,6343.14
2024-08-17 12:10:47,ETHUSDT,bid,2590,6343.144
2024-08-17 12:10:47,ETHUSDT,bid,2590,6343.143
2024-08-17 12:10:48,ETHUSDT,bid,2590,5306.841
2024-08-17 12:10:48,ETHUSDT,bid,2590,5291.603
2024-08-17 12:10:48,ETHUSDT,bid,2590,5276.023
2024-08-17 12:10:48,ETHUSDT,bid,2590,5267.527
2024-08-17 12:10:48,ETHUSDT,bid,2590,5262.796
2024-08-17 12:10:48,ETHUSDT,bid,2590,5262.217
2024-08-17 12:10:48,ETHUSDT,bid,2590,5262.205
2024-08-17 12:10:49,ETHUSDT,bid,2590,5222.942
2024-08-17 12:10:49,ETHUSDT,bid,2590,5222.916
2024-08-17 12:10:49,ETHUSDT,bid,2590,5203.983
2024-08-17 12:10:49,ETHUSDT,bid,2590,5212.141
2024-08-17 12:10:49,ETHUSDT,bid,2590,5211.707
2024-08-17 12:10:49,ETHUSDT,bid,2590,5211.749
2024-08-17 12:10:49,ETHUSDT,bid,2590,5211.743
2024-08-17 12:10:49,ETHUSDT,bid,2590,5203.352
2024-08-17 12:10:50,ETHUSDT,bid,2590,5203.221
2024-08-17 12:10:50,ETHUSDT,bid,2590,5203.171
2024-08-17 12:10:50,ETHUSDT,bid,2590,5203.251
2024-08-17 12:10:50,ETHUSDT,bid,2590,5203.742
2024-08-17 12:10:51,ETHUSDT,bid,2590,5203.834
2024-08-17 12:10:51,ETHUSDT,bid,2590,5203.809
2024-08-17 12:10:51,ETHUSDT,bid,2590,5203.755
2024-08-17 12:10:51,ETHUSDT,bid,2590,5198.836
2024-08-17 12:10:51,ETHUSDT,bid,2590,5198.896
2024-08-17 12:10:51,ETHUSDT,bid,2590,5198.902
2024-08-17 12:10:51,ETHUSDT,bid,2590,5198.884
2024-08-17 12:10:52,ETHUSDT,bid,2590,5198.824
2024-08-17 12:10:52,ETHUSDT,bid,2590,5198.889
2024-08-17 12:10:52,ETHUSDT,bid,2590,5198.877
2024-08-17 12:10:52,ETHUSDT,bid,2590,5198.732
2024-08-17 12:10:52,ETHUSDT,bid,2590,5206.913
2024-08-17 12:10:52,ETHUSDT,bid,2590,5206.901
2024-08-17 12:10:52,ETHUSDT,bid,2590,5206.828
2024-08-17 12:10:53,ETHUSDT,bid,2590,5206.84
2024-08-17 12:10:53,ETHUSDT,bid,2590,5206.835
2024-08-17 12:10:53,ETHUSDT,bid,2590,5206.845
2024-08-17 12:10:53,ETHUSDT,bid,2590,5206.812
2024-08-17 12:10:53,ETHUSDT,bid,2590,5206.746
2024-08-17 12:10:54,ETHUSDT,bid,2590,5206.809
2024-08-17 12:10:54,ETHUSDT,bid,2590,5206.824
2024-08-17 12:10:54,ETHUSDT,bid,2590,5206.959
2024-08-17 12:10:54,ETHUSDT,bid,2590,5196.615
2024-08-17 12:10:55,ETHUSDT,bid,2590,5204.543
2024-08-17 12:10:55,ETHUSDT,bid,2590,5204.499
2024-08-17 12:10:55,ETHUSDT,bid,2590,5204.471
2024-08-17 12:10:55,ETHUSDT,bid,2590,5204.423
