2024-08-25 07:01:40,SOLUSDT,ask,175,34036.0
2024-08-25 07:08:07,SOLUSDT,ask,176,29363.0
2024-08-25 07:08:16,SOLUSDT,ask,176,29362.0
2024-08-25 07:08:52,SOLUSDT,ask,176,29363.0
2024-08-25 07:08:57,SOLUSDT,ask,176,29364.0
2024-08-25 07:09:02,SOLUSDT,ask,176,29363.0
2024-08-25 07:09:06,SOLUSDT,ask,176,29362.0
2024-08-25 07:12:22,SOLUSDT,ask,176,29363.0
2024-08-25 07:12:23,SOLUSDT,ask,176,29364.0
2024-08-25 07:12:24,SOLUSDT,ask,176,29365.0
2024-08-25 07:12:31,SOLUSDT,ask,176,29364.0
2024-08-25 07:12:32,SOLUSDT,ask,176,29363.0
2024-08-25 07:12:33,SOLUSDT,ask,176,29362.0
2024-08-25 07:13:09,SOLUSDT,ask,176,29362.0
2024-08-25 07:28:02,SOLUSDT,ask,178,30183.0
2024-08-25 07:48:19,SOLUSDT,ask,178,30169.0
2024-08-25 07:53:00,SOLUSDT,ask,178,30164.0
2024-08-25 07:59:38,SOLUSDT,ask,175,34029.0
2024-08-25 08:02:03,SOLUSDT,ask,175,34028.0
2024-08-25 08:02:19,SOLUSDT,ask,175,34026.0
2024-08-25 08:14:15,SOLUSDT,ask,176,29363.0
2024-08-25 08:14:38,SOLUSDT,ask,175,34024.0
2024-08-25 08:26:47,SOLUSDT,ask,175,34012.0
2024-08-25 08:37:35,SOLUSDT,ask,175,34005.0
2024-08-25 09:14:30,SOLUSDT,ask,175,34002.0
2024-08-25 09:23:55,SOLUSDT,ask,175,33989.0
2024-08-25 10:24:59,SOLUSDT,ask,175,33984.0
2024-08-25 10:42:47,SOLUSDT,ask,175,33980.0
2024-08-25 10:43:41,SOLUSDT,ask,175,33979.0
2024-08-25 10:54:20,SOLUSDT,ask,176,29364.0
2024-08-25 10:55:27,SOLUSDT,ask,176,29362.0
2024-08-25 11:34:42,SOLUSDT,ask,176,29363.0
2024-08-25 11:35:09,SOLUSDT,ask,176,29362.0
2024-08-25 12:13:12,SOLUSDT,ask,175,33978.0
2024-08-25 12:29:00,SOLUSDT,ask,175,33979.0
2024-08-25 13:22:58,SOLUSDT,ask,175,33980.0
2024-08-25 14:11:30,SOLUSDT,ask,175,33966.0
2024-08-25 14:45:52,SOLUSDT,ask,176,29352.0
2024-08-25 14:49:42,SOLUSDT,ask,175,33964.0
2024-08-25 14:54:12,SOLUSDT,ask,176,29353.0
2024-08-25 14:55:30,SOLUSDT,ask,178,30162.0
2024-08-25 15:00:53,SOLUSDT,ask,175,33962.0
2024-08-25 15:39:41,SOLUSDT,ask,178,30164.0
2024-08-25 15:48:11,SOLUSDT,ask,175,33947.0
2024-08-25 15:56:09,SOLUSDT,ask,175,36269.0
2024-08-25 16:00:59,SOLUSDT,ask,178,30172.0
2024-08-25 16:52:49,SOLUSDT,ask,175,36270.0
2024-08-25 17:06:18,SOLUSDT,ask,175,36289.0
2024-08-25 17:06:18,SOLUSDT,ask,175,36270.0
2024-08-25 17:22:00,SOLUSDT,ask,178,30174.0
2024-08-25 17:28:42,SOLUSDT,ask,175,36269.0
2024-08-25 17:41:23,SOLUSDT,ask,175,36268.0
2024-08-25 17:45:24,SOLUSDT,ask,175,34960.0
2024-08-25 18:05:55,SOLUSDT,ask,178,30172.0
2024-08-25 18:13:05,SOLUSDT,ask,175,34959.0
2024-08-25 18:24:39,SOLUSDT,ask,178,30171.0
2024-08-25 18:30:15,SOLUSDT,ask,175,34958.0
2024-08-25 18:30:16,SOLUSDT,ask,176,29352.0
2024-08-25 18:30:18,SOLUSDT,ask,178,30170.0
2024-08-25 18:32:55,SOLUSDT,ask,175,34959.0
2024-08-25 18:34:22,SOLUSDT,ask,175,32637.0
2024-08-25 18:36:50,SOLUSDT,ask,176,29348.0
2024-08-25 18:38:25,SOLUSDT,ask,175,32675.0
2024-08-25 18:42:08,SOLUSDT,ask,176,29347.0
2024-08-25 18:43:39,SOLUSDT,ask,176,29232.0
2024-08-25 18:55:36,SOLUSDT,ask,175,32674.0
2024-08-25 18:59:03,SOLUSDT,ask,175,32675.0
2024-08-25 18:59:03,SOLUSDT,ask,176,29233.0
2024-08-25 18:59:03,SOLUSDT,ask,178,30171.0
2024-08-25 19:50:39,SOLUSDT,ask,175,32676.0
2024-08-25 20:01:28,SOLUSDT,ask,178,30664.0
2024-08-25 20:11:01,SOLUSDT,ask,158,36113.0
2024-08-25 20:11:01,SOLUSDT,ask,158,36193.0
2024-08-25 20:11:01,SOLUSDT,ask,158,36192.0
2024-08-25 20:11:01,SOLUSDT,ask,158,36223.0
2024-08-25 20:11:02,SOLUSDT,ask,158,36177.0
2024-08-25 20:11:02,SOLUSDT,ask,158,36114.0
2024-08-25 20:11:02,SOLUSDT,ask,158,36114.0
2024-08-25 20:11:03,SOLUSDT,ask,158,36120.0
2024-08-25 20:11:04,SOLUSDT,ask,158,36114.0
2024-08-25 20:11:07,SOLUSDT,ask,158,36117.0
2024-08-25 20:11:07,SOLUSDT,ask,158,36114.0
2024-08-25 20:11:07,SOLUSDT,ask,158,36123.0
2024-08-25 20:11:08,SOLUSDT,ask,158,36178.0
2024-08-25 20:11:08,SOLUSDT,ask,158,36180.0
2024-08-25 20:11:08,SOLUSDT,ask,158,36244.0
2024-08-25 20:11:08,SOLUSDT,ask,158,36233.0
2024-08-25 20:11:08,SOLUSDT,ask,158,36127.0
2024-08-25 20:11:09,SOLUSDT,ask,158,36114.0
2024-08-25 20:11:09,SOLUSDT,ask,158,36114.0
2024-08-25 20:11:09,SOLUSDT,ask,158,36114.0
2024-08-25 20:11:09,SOLUSDT,ask,158,36069.0
2024-08-25 20:11:10,SOLUSDT,ask,158,36088.0
2024-08-25 20:11:10,SOLUSDT,ask,158,36088.0
2024-08-25 20:11:11,SOLUSDT,ask,158,36069.0
2024-08-25 20:11:13,SOLUSDT,ask,158,36094.0
2024-08-25 20:11:13,SOLUSDT,ask,158,36312.0
2024-08-25 20:11:16,SOLUSDT,ask,158,36190.0
2024-08-25 20:11:16,SOLUSDT,ask,158,36113.0
2024-08-25 20:11:18,SOLUSDT,ask,158,36088.0
2024-08-25 20:11:19,SOLUSDT,ask,158,36072.0
2024-08-25 20:11:20,SOLUSDT,ask,158,36069.0
2024-08-25 20:11:22,SOLUSDT,ask,158,36101.0
2024-08-25 20:11:22,SOLUSDT,ask,158,36069.0
2024-08-25 20:11:25,SOLUSDT,ask,158,36101.0
2024-08-25 20:11:25,SOLUSDT,ask,158,36082.0
2024-08-25 20:11:25,SOLUSDT,ask,158,36069.0
2024-08-25 20:11:26,SOLUSDT,ask,158,36070.0
2024-08-25 20:11:28,SOLUSDT,ask,158,36069.0
2024-08-25 20:11:33,SOLUSDT,ask,158,36069.0
2024-08-25 20:11:35,SOLUSDT,ask,158,36073.0
2024-08-25 20:11:35,SOLUSDT,ask,158,36069.0
2024-08-25 20:11:36,SOLUSDT,ask,158,36069.0
2024-08-25 20:11:36,SOLUSDT,ask,158,36073.0
2024-08-25 20:11:36,SOLUSDT,ask,158,36069.0
2024-08-25 20:11:42,SOLUSDT,ask,158,36082.0
2024-08-25 20:11:48,SOLUSDT,ask,158,36075.0
2024-08-25 20:11:50,SOLUSDT,ask,158,36076.0
2024-08-25 20:12:02,SOLUSDT,ask,158,36090.0
2024-08-25 20:12:02,SOLUSDT,ask,158,36089.0
2024-08-25 20:12:08,SOLUSDT,ask,158,36075.0
2024-08-25 20:12:23,SOLUSDT,ask,175,32678.0
2024-08-25 20:12:24,SOLUSDT,ask,158,36085.0
2024-08-25 20:13:05,SOLUSDT,ask,158,36088.0
2024-08-25 20:13:16,SOLUSDT,ask,158,36099.0
2024-08-25 20:13:16,SOLUSDT,ask,158,36088.0
2024-08-25 20:13:18,SOLUSDT,ask,158,36174.0
2024-08-25 20:13:18,SOLUSDT,ask,158,36089.0
2024-08-25 20:13:18,SOLUSDT,ask,158,36100.0
2024-08-25 20:13:18,SOLUSDT,ask,158,36090.0
2024-08-25 20:13:19,SOLUSDT,ask,158,36216.0
2024-08-25 20:13:19,SOLUSDT,ask,158,36216.0
2024-08-25 20:13:19,SOLUSDT,ask,158,36260.0
2024-08-25 20:13:20,SOLUSDT,ask,158,36229.0
2024-08-25 20:13:20,SOLUSDT,ask,158,36216.0
2024-08-25 20:13:21,SOLUSDT,ask,158,36242.0
2024-08-25 20:13:21,SOLUSDT,ask,158,36242.0
2024-08-25 20:13:21,SOLUSDT,ask,158,36241.0
2024-08-25 20:13:21,SOLUSDT,ask,158,36250.0
2024-08-25 20:13:22,SOLUSDT,ask,158,36205.0
2024-08-25 20:13:23,SOLUSDT,ask,158,36205.0
2024-08-25 20:13:27,SOLUSDT,ask,158,36208.0
2024-08-25 20:13:28,SOLUSDT,ask,158,36365.0
2024-08-25 20:13:28,SOLUSDT,ask,158,36208.0
2024-08-25 20:13:28,SOLUSDT,ask,158,36205.0
2024-08-25 20:13:37,SOLUSDT,ask,158,36227.0
2024-08-25 20:13:38,SOLUSDT,ask,158,36205.0
2024-08-25 20:13:38,SOLUSDT,ask,158,36227.0
2024-08-25 20:13:38,SOLUSDT,ask,158,36205.0
2024-08-25 20:13:39,SOLUSDT,ask,158,36240.0
2024-08-25 20:13:39,SOLUSDT,ask,158,36255.0
2024-08-25 20:13:39,SOLUSDT,ask,158,36252.0
2024-08-25 20:13:43,SOLUSDT,ask,158,36069.0
2024-08-25 20:13:43,SOLUSDT,ask,158,36101.0
2024-08-25 20:13:43,SOLUSDT,ask,158,35868.0
2024-08-25 20:13:43,SOLUSDT,ask,158,35902.0
2024-08-25 20:13:43,SOLUSDT,ask,158,35903.0
2024-08-25 20:13:43,SOLUSDT,ask,158,35894.0
2024-08-25 20:13:43,SOLUSDT,ask,158,35901.0
2024-08-25 20:13:44,SOLUSDT,ask,158,35902.0
2024-08-25 20:13:44,SOLUSDT,ask,158,35896.0
2024-08-25 20:13:44,SOLUSDT,ask,158,35897.0
2024-08-25 20:13:45,SOLUSDT,ask,158,35903.0
2024-08-25 20:13:45,SOLUSDT,ask,158,35903.0
2024-08-25 20:13:45,SOLUSDT,ask,158,35899.0
2024-08-25 20:13:45,SOLUSDT,ask,158,35905.0
2024-08-25 20:13:46,SOLUSDT,ask,158,35904.0
2024-08-25 20:13:46,SOLUSDT,ask,158,35898.0
2024-08-25 20:13:47,SOLUSDT,ask,158,35897.0
2024-08-25 20:13:47,SOLUSDT,ask,158,35895.0
2024-08-25 20:13:47,SOLUSDT,ask,158,35898.0
2024-08-25 20:13:48,SOLUSDT,ask,158,35899.0
2024-08-25 20:13:49,SOLUSDT,ask,158,35897.0
2024-08-25 20:13:49,SOLUSDT,ask,158,35902.0
2024-08-25 20:13:49,SOLUSDT,ask,158,35905.0
2024-08-25 20:13:49,SOLUSDT,ask,158,35906.0
2024-08-25 20:13:49,SOLUSDT,ask,158,35901.0
2024-08-25 20:13:49,SOLUSDT,ask,158,35905.0
2024-08-25 20:13:49,SOLUSDT,ask,158,35903.0
2024-08-25 20:13:50,SOLUSDT,ask,158,35901.0
2024-08-25 20:13:50,SOLUSDT,ask,158,35898.0
2024-08-25 20:13:50,SOLUSDT,ask,158,35899.0
2024-08-25 20:13:51,SOLUSDT,ask,158,35916.0
2024-08-25 20:13:51,SOLUSDT,ask,158,35914.0
2024-08-25 20:13:51,SOLUSDT,ask,158,35915.0
2024-08-25 20:13:51,SOLUSDT,ask,158,35802.0
2024-08-25 20:13:51,SOLUSDT,ask,158,35784.0
2024-08-25 20:13:52,SOLUSDT,ask,158,35764.0
2024-08-25 20:13:52,SOLUSDT,ask,158,35759.0
2024-08-25 20:13:52,SOLUSDT,ask,158,35763.0
2024-08-25 20:13:52,SOLUSDT,ask,158,35748.0
2024-08-25 20:13:53,SOLUSDT,ask,158,35686.0
2024-08-25 20:13:53,SOLUSDT,ask,158,35681.0
2024-08-25 20:13:53,SOLUSDT,ask,158,35673.0
2024-08-25 20:13:53,SOLUSDT,ask,158,35676.0
2024-08-25 20:13:53,SOLUSDT,ask,158,35670.0
2024-08-25 20:13:53,SOLUSDT,ask,158,35673.0
2024-08-25 20:13:53,SOLUSDT,ask,158,35633.0
2024-08-25 20:13:54,SOLUSDT,ask,158,35613.0
2024-08-25 20:13:54,SOLUSDT,ask,158,35610.0
2024-08-25 20:13:54,SOLUSDT,ask,158,35622.0
2024-08-25 20:13:55,SOLUSDT,ask,158,35619.0
2024-08-25 20:13:55,SOLUSDT,ask,158,35621.0
2024-08-25 20:13:56,SOLUSDT,ask,158,35620.0
2024-08-25 20:13:56,SOLUSDT,ask,158,35617.0
2024-08-25 20:13:56,SOLUSDT,ask,158,35611.0
2024-08-25 20:13:56,SOLUSDT,ask,158,35618.0
2024-08-25 20:13:58,SOLUSDT,ask,158,35568.0
2024-08-25 20:13:58,SOLUSDT,ask,158,35570.0
2024-08-25 20:13:59,SOLUSDT,ask,158,35561.0
2024-08-25 20:13:59,SOLUSDT,ask,158,35547.0
2024-08-25 20:13:59,SOLUSDT,ask,158,35544.0
2024-08-25 20:13:59,SOLUSDT,ask,158,35543.0
2024-08-25 20:14:00,SOLUSDT,ask,158,35540.0
2024-08-25 20:14:00,SOLUSDT,ask,158,35543.0
2024-08-25 20:14:00,SOLUSDT,ask,158,35544.0
2024-08-25 20:14:00,SOLUSDT,ask,158,35541.0
2024-08-25 20:14:00,SOLUSDT,ask,158,35545.0
2024-08-25 20:14:01,SOLUSDT,ask,158,35544.0
2024-08-25 20:14:02,SOLUSDT,ask,158,35543.0
2024-08-25 20:14:02,SOLUSDT,ask,175,32675.0
2024-08-25 20:14:03,SOLUSDT,ask,158,35540.0
2024-08-25 20:14:03,SOLUSDT,ask,158,35499.0
2024-08-25 20:14:03,SOLUSDT,ask,158,35486.0
2024-08-25 20:14:03,SOLUSDT,ask,158,35574.0
2024-08-25 20:14:03,SOLUSDT,ask,158,35573.0
2024-08-25 20:14:03,SOLUSDT,ask,158,35571.0
2024-08-25 20:14:04,SOLUSDT,ask,158,35545.0
2024-08-25 20:14:04,SOLUSDT,ask,158,35527.0
2024-08-25 20:14:04,SOLUSDT,ask,158,35549.0
2024-08-25 20:14:04,SOLUSDT,ask,158,35551.0
2024-08-25 20:14:04,SOLUSDT,ask,158,35544.0
2024-08-25 20:14:04,SOLUSDT,ask,158,35539.0
2024-08-25 20:14:04,SOLUSDT,ask,158,35531.0
2024-08-25 20:14:05,SOLUSDT,ask,158,35530.0
2024-08-25 20:14:05,SOLUSDT,ask,158,35486.0
2024-08-25 20:14:05,SOLUSDT,ask,158,35390.0
2024-08-25 20:14:05,SOLUSDT,ask,158,35389.0
2024-08-25 20:14:05,SOLUSDT,ask,158,35383.0
2024-08-25 20:14:05,SOLUSDT,ask,158,35384.0
2024-08-25 20:14:06,SOLUSDT,ask,158,35386.0
2024-08-25 20:14:06,SOLUSDT,ask,158,35382.0
2024-08-25 20:14:07,SOLUSDT,ask,158,35397.0
2024-08-25 20:14:07,SOLUSDT,ask,158,35400.0
2024-08-25 20:14:08,SOLUSDT,ask,158,35400.0
2024-08-25 20:14:08,SOLUSDT,ask,158,35401.0
2024-08-25 20:14:08,SOLUSDT,ask,158,35353.0
2024-08-25 20:14:09,SOLUSDT,ask,158,35359.0
2024-08-25 20:14:09,SOLUSDT,ask,158,35453.0
2024-08-25 20:14:09,SOLUSDT,ask,158,35438.0
2024-08-25 20:14:09,SOLUSDT,ask,158,35475.0
2024-08-25 20:14:09,SOLUSDT,ask,158,35438.0
2024-08-25 20:14:09,SOLUSDT,ask,158,35435.0
2024-08-25 20:14:09,SOLUSDT,ask,158,35437.0
2024-08-25 20:14:10,SOLUSDT,ask,158,35435.0
2024-08-25 20:14:10,SOLUSDT,ask,158,35440.0
2024-08-25 20:14:10,SOLUSDT,ask,158,35445.0
2024-08-25 20:14:10,SOLUSDT,ask,158,35455.0
2024-08-25 20:14:11,SOLUSDT,ask,158,35449.0
2024-08-25 20:14:13,SOLUSDT,ask,158,35434.0
2024-08-25 20:14:15,SOLUSDT,ask,158,35466.0
2024-08-25 20:14:15,SOLUSDT,ask,158,35464.0
2024-08-25 20:14:17,SOLUSDT,ask,158,35459.0
2024-08-25 20:14:18,SOLUSDT,ask,158,35446.0
2024-08-25 20:14:19,SOLUSDT,ask,158,35432.0
2024-08-25 20:14:21,SOLUSDT,ask,158,35434.0
2024-08-25 20:14:23,SOLUSDT,ask,158,35426.0
2024-08-25 20:14:23,SOLUSDT,ask,158,35425.0
2024-08-25 20:14:23,SOLUSDT,ask,158,35405.0
2024-08-25 20:14:23,SOLUSDT,ask,158,35392.0
2024-08-25 20:14:27,SOLUSDT,ask,158,35392.0
2024-08-25 20:14:38,SOLUSDT,ask,158,35394.0
2024-08-25 20:14:40,SOLUSDT,ask,158,35396.0
2024-08-25 20:14:41,SOLUSDT,ask,158,35409.0
2024-08-25 20:14:44,SOLUSDT,ask,175,32676.0
2024-08-25 20:14:47,SOLUSDT,ask,158,35407.0
2024-08-25 20:14:47,SOLUSDT,ask,158,35392.0
2024-08-25 20:14:47,SOLUSDT,ask,158,35395.0
2024-08-25 20:14:49,SOLUSDT,ask,158,35404.0
2024-08-25 20:14:50,SOLUSDT,ask,158,35401.0
2024-08-25 20:14:51,SOLUSDT,ask,158,35399.0
2024-08-25 20:14:52,SOLUSDT,ask,158,35390.0
2024-08-25 20:15:00,SOLUSDT,ask,158,35393.0
2024-08-25 20:15:01,SOLUSDT,ask,158,35338.0
2024-08-25 20:15:02,SOLUSDT,ask,158,35370.0
2024-08-25 20:15:02,SOLUSDT,ask,158,35338.0
2024-08-25 20:15:03,SOLUSDT,ask,158,35335.0
2024-08-25 20:15:10,SOLUSDT,ask,158,35346.0
2024-08-25 20:15:10,SOLUSDT,ask,158,35337.0
2024-08-25 20:15:10,SOLUSDT,ask,158,35335.0
2024-08-25 20:15:10,SOLUSDT,ask,158,35337.0
2024-08-25 20:15:11,SOLUSDT,ask,158,35335.0
2024-08-25 20:15:12,SOLUSDT,ask,158,35337.0
2024-08-25 20:15:13,SOLUSDT,ask,158,35339.0
2024-08-25 20:15:13,SOLUSDT,ask,158,35433.0
2024-08-25 20:15:14,SOLUSDT,ask,158,35339.0
2024-08-25 20:15:14,SOLUSDT,ask,158,35335.0
2024-08-25 20:15:14,SOLUSDT,ask,158,35338.0
2024-08-25 20:15:19,SOLUSDT,ask,158,35335.0
2024-08-25 20:15:19,SOLUSDT,ask,158,35337.0
2024-08-25 20:15:20,SOLUSDT,ask,158,35335.0
2024-08-25 20:15:21,SOLUSDT,ask,158,35337.0
2024-08-25 20:15:22,SOLUSDT,ask,158,35339.0
2024-08-25 20:15:23,SOLUSDT,ask,158,35335.0
2024-08-25 20:15:24,SOLUSDT,ask,158,35338.0
2024-08-25 20:15:26,SOLUSDT,ask,158,35335.0
2024-08-25 20:15:32,SOLUSDT,ask,158,35461.0
2024-08-25 20:15:32,SOLUSDT,ask,158,35335.0
2024-08-25 20:15:34,SOLUSDT,ask,158,35341.0
2024-08-25 20:15:34,SOLUSDT,ask,158,35344.0
2024-08-25 20:15:37,SOLUSDT,ask,158,35346.0
2024-08-25 20:15:39,SOLUSDT,ask,158,35313.0
2024-08-25 20:15:39,SOLUSDT,ask,158,35314.0
2024-08-25 20:15:49,SOLUSDT,ask,158,35308.0
2024-08-25 20:16:21,SOLUSDT,ask,158,35315.0
2024-08-25 20:16:22,SOLUSDT,ask,158,35308.0
2024-08-25 20:16:23,SOLUSDT,ask,158,35311.0
2024-08-25 20:16:31,SOLUSDT,ask,158,35307.0
2024-08-25 20:16:34,SOLUSDT,ask,158,35310.0
2024-08-25 20:16:34,SOLUSDT,ask,158,35307.0
2024-08-25 20:16:56,SOLUSDT,ask,158,35307.0
2024-08-25 20:17:03,SOLUSDT,ask,158,35307.0
2024-08-25 20:17:17,SOLUSDT,ask,158,35311.0
2024-08-25 20:17:22,SOLUSDT,ask,158,35307.0
2024-08-25 20:17:42,SOLUSDT,ask,158,35311.0
2024-08-25 20:17:42,SOLUSDT,ask,158,35307.0
2024-08-25 20:17:43,SOLUSDT,ask,158,35311.0
2024-08-25 20:17:44,SOLUSDT,ask,158,35351.0
2024-08-25 20:17:44,SOLUSDT,ask,158,35357.0
2024-08-25 20:17:44,SOLUSDT,ask,158,35307.0
2024-08-25 20:17:46,SOLUSDT,ask,158,35357.0
2024-08-25 20:17:47,SOLUSDT,ask,158,35307.0
2024-08-25 20:17:49,SOLUSDT,ask,158,35531.0
2024-08-25 20:17:49,SOLUSDT,ask,158,35307.0
2024-08-25 20:17:49,SOLUSDT,ask,158,35308.0
2024-08-25 20:17:49,SOLUSDT,ask,158,35312.0
2024-08-25 20:17:53,SOLUSDT,ask,158,35308.0
2024-08-25 20:17:56,SOLUSDT,ask,158,35352.0
2024-08-25 20:17:56,SOLUSDT,ask,158,35308.0
2024-08-25 20:17:58,SOLUSDT,ask,158,35310.0
2024-08-25 20:18:07,SOLUSDT,ask,158,35308.0
2024-08-25 20:18:07,SOLUSDT,ask,158,35339.0
2024-08-25 20:18:07,SOLUSDT,ask,158,35307.0
2024-08-25 20:18:09,SOLUSDT,ask,158,35262.0
2024-08-25 20:18:10,SOLUSDT,ask,158,35262.0
2024-08-25 20:18:11,SOLUSDT,ask,158,35294.0
2024-08-25 20:18:11,SOLUSDT,ask,158,35262.0
2024-08-25 20:18:14,SOLUSDT,ask,158,35266.0
2024-08-25 20:18:14,SOLUSDT,ask,158,35262.0
2024-08-25 20:18:15,SOLUSDT,ask,158,35266.0
2024-08-25 20:18:15,SOLUSDT,ask,158,35262.0
2024-08-25 20:18:15,SOLUSDT,ask,158,35268.0
2024-08-25 20:18:16,SOLUSDT,ask,158,35262.0
2024-08-25 20:18:17,SOLUSDT,ask,158,35268.0
2024-08-25 20:18:17,SOLUSDT,ask,158,35262.0
2024-08-25 20:18:17,SOLUSDT,ask,158,35268.0
2024-08-25 20:18:18,SOLUSDT,ask,158,35262.0
2024-08-25 20:18:18,SOLUSDT,ask,158,35268.0
2024-08-25 20:18:19,SOLUSDT,ask,158,35262.0
2024-08-25 20:18:20,SOLUSDT,ask,158,35268.0
2024-08-25 20:18:20,SOLUSDT,ask,158,35262.0
2024-08-25 20:18:21,SOLUSDT,ask,158,35262.0
2024-08-25 20:18:21,SOLUSDT,ask,158,35268.0
2024-08-25 20:18:21,SOLUSDT,ask,158,35262.0
2024-08-25 20:18:22,SOLUSDT,ask,158,34811.0
2024-08-25 20:18:22,SOLUSDT,ask,158,34871.0
2024-08-25 20:18:22,SOLUSDT,ask,158,34877.0
2024-08-25 20:18:22,SOLUSDT,ask,158,35035.0
2024-08-25 20:18:22,SOLUSDT,ask,158,35041.0
2024-08-25 20:18:22,SOLUSDT,ask,158,35200.0
2024-08-25 20:18:22,SOLUSDT,ask,158,35202.0
2024-08-25 20:18:22,SOLUSDT,ask,158,35044.0
2024-08-25 20:18:23,SOLUSDT,ask,158,35045.0
2024-08-25 20:18:23,SOLUSDT,ask,158,35019.0
2024-08-25 20:18:23,SOLUSDT,ask,158,35025.0
2024-08-25 20:18:23,SOLUSDT,ask,158,34867.0
2024-08-25 20:18:23,SOLUSDT,ask,158,34873.0
2024-08-25 20:18:23,SOLUSDT,ask,158,34867.0
2024-08-25 20:18:23,SOLUSDT,ask,158,34853.0
2024-08-25 20:18:24,SOLUSDT,ask,158,34832.0
2024-08-25 20:18:24,SOLUSDT,ask,158,34838.0
2024-08-25 20:18:24,SOLUSDT,ask,158,34838.0
2024-08-25 20:18:24,SOLUSDT,ask,158,34841.0
2024-08-25 20:18:24,SOLUSDT,ask,158,34844.0
2024-08-25 20:18:24,SOLUSDT,ask,158,34882.0
2024-08-25 20:18:25,SOLUSDT,ask,158,34861.0
2024-08-25 20:18:25,SOLUSDT,ask,158,34867.0
2024-08-25 20:18:25,SOLUSDT,ask,158,34861.0
2024-08-25 20:18:25,SOLUSDT,ask,158,34855.0
2024-08-25 20:18:26,SOLUSDT,ask,158,34849.0
2024-08-25 20:18:26,SOLUSDT,ask,158,34846.0
2024-08-25 20:18:26,SOLUSDT,ask,158,34846.0
2024-08-25 20:18:26,SOLUSDT,ask,158,34851.0
2024-08-25 20:18:26,SOLUSDT,ask,158,34813.0
2024-08-25 20:18:26,SOLUSDT,ask,158,34801.0
2024-08-25 20:18:27,SOLUSDT,ask,158,34801.0
2024-08-25 20:18:27,SOLUSDT,ask,158,34353.0
2024-08-25 20:18:27,SOLUSDT,ask,158,34359.0
2024-08-25 20:18:27,SOLUSDT,ask,158,34353.0
2024-08-25 20:18:27,SOLUSDT,ask,158,34359.0
2024-08-25 20:18:28,SOLUSDT,ask,158,34356.0
2024-08-25 20:18:28,SOLUSDT,ask,158,34350.0
2024-08-25 20:18:28,SOLUSDT,ask,158,34340.0
2024-08-25 20:18:28,SOLUSDT,ask,158,34337.0
2024-08-25 20:18:29,SOLUSDT,ask,158,34337.0
2024-08-25 20:18:29,SOLUSDT,ask,158,34327.0
2024-08-25 20:18:29,SOLUSDT,ask,158,34324.0
2024-08-25 20:18:29,SOLUSDT,ask,158,34383.0
2024-08-25 20:18:30,SOLUSDT,ask,158,34384.0
2024-08-25 20:18:30,SOLUSDT,ask,158,34408.0
2024-08-25 20:18:30,SOLUSDT,ask,158,34402.0
2024-08-25 20:18:30,SOLUSDT,ask,158,32289.0
2024-08-25 20:18:30,SOLUSDT,ask,158,32292.0
2024-08-25 20:18:31,SOLUSDT,ask,158,32290.0
2024-08-25 20:18:31,SOLUSDT,ask,158,32283.0
2024-08-25 20:18:31,SOLUSDT,ask,158,32292.0
2024-08-25 20:18:31,SOLUSDT,ask,158,32315.0
2024-08-25 20:18:32,SOLUSDT,ask,158,32321.0
2024-08-25 20:18:32,SOLUSDT,ask,158,32315.0
2024-08-25 20:18:32,SOLUSDT,ask,158,32318.0
2024-08-25 20:18:32,SOLUSDT,ask,158,32317.0
2024-08-25 20:18:32,SOLUSDT,ask,158,32318.0
2024-08-25 20:18:33,SOLUSDT,ask,158,32338.0
2024-08-25 20:18:33,SOLUSDT,ask,158,32337.0
2024-08-25 20:18:33,SOLUSDT,ask,158,32403.0
2024-08-25 20:18:34,SOLUSDT,ask,158,32287.0
2024-08-25 20:18:34,SOLUSDT,ask,158,32266.0
2024-08-25 20:18:34,SOLUSDT,ask,158,32235.0
2024-08-25 20:18:34,SOLUSDT,ask,158,32229.0
2024-08-25 20:18:34,SOLUSDT,ask,158,32224.0
2024-08-25 20:18:35,SOLUSDT,ask,158,32218.0
2024-08-25 20:18:35,SOLUSDT,ask,158,32212.0
2024-08-25 20:18:35,SOLUSDT,ask,158,32206.0
2024-08-25 20:18:35,SOLUSDT,ask,158,32163.0
2024-08-25 20:18:35,SOLUSDT,ask,158,32165.0
2024-08-25 20:18:36,SOLUSDT,ask,158,32161.0
2024-08-25 20:18:37,SOLUSDT,ask,158,32011.0
2024-08-25 20:18:37,SOLUSDT,ask,158,32009.0
2024-08-25 20:18:39,SOLUSDT,ask,158,32001.0
2024-08-25 20:18:39,SOLUSDT,ask,158,31995.0
2024-08-25 20:18:39,SOLUSDT,ask,158,31869.0
2024-08-25 20:18:39,SOLUSDT,ask,158,31863.0
2024-08-25 20:18:39,SOLUSDT,ask,158,31857.0
2024-08-25 20:18:39,SOLUSDT,ask,158,31851.0
2024-08-25 20:18:40,SOLUSDT,ask,158,31845.0
2024-08-25 20:18:40,SOLUSDT,ask,158,31838.0
2024-08-25 20:21:13,SOLUSDT,ask,175,32675.0
2024-08-25 20:22:32,SOLUSDT,ask,178,30656.0
2024-08-25 20:24:57,SOLUSDT,ask,175,32694.0
2024-08-25 20:25:30,SOLUSDT,ask,176,29229.0
2024-08-25 20:25:38,SOLUSDT,ask,178,30658.0
2024-08-25 20:54:21,SOLUSDT,ask,178,30669.0
2024-08-25 21:01:55,SOLUSDT,ask,175,32814.0
2024-08-25 21:12:57,SOLUSDT,ask,176,29249.0
2024-08-25 21:22:01,SOLUSDT,ask,176,29194.0
2024-08-25 21:43:04,SOLUSDT,ask,175,32776.0
