2024-08-30 07:00:30,ETHUSDT,bid,2400,14361.604
2024-08-30 07:03:12,ETHUSDT,bid,2400,14361.62
2024-08-30 07:03:47,ETHUSDT,bid,2400,14361.933
2024-08-30 07:05:43,ETHUSDT,bid,2420,5447.201
2024-08-30 07:05:44,ETHUSDT,bid,2420,5447.211
2024-08-30 07:05:44,ETHUSDT,bid,2420,5447.221
2024-08-30 07:05:45,ETHUSDT,bid,2420,5447.231
2024-08-30 07:05:46,ETHUSDT,bid,2420,5447.241
2024-08-30 07:05:47,ETHUSDT,bid,2420,5447.251
2024-08-30 07:05:48,ETHUSDT,bid,2420,5447.261
2024-08-30 07:05:48,ETHUSDT,bid,2420,5447.271
2024-08-30 07:05:49,ETHUSDT,bid,2420,5447.281
2024-08-30 07:05:50,ETHUSDT,bid,2420,5447.291
2024-08-30 07:05:50,ETHUSDT,bid,2420,5447.301
2024-08-30 07:05:51,ETHUSDT,bid,2420,5447.311
2024-08-30 07:05:51,ETHUSDT,bid,2420,5447.321
2024-08-30 07:07:10,ETHUSDT,bid,2400,14361.6
2024-08-30 07:07:27,ETHUSDT,bid,2400,14362.016
2024-08-30 07:08:24,ETHUSDT,bid,2400,14362.116
2024-08-30 07:08:57,ETHUSDT,bid,2430,8084.946
2024-08-30 07:09:23,ETHUSDT,bid,2450,5175.734
2024-08-30 07:09:30,ETHUSDT,bid,2420,5447.311
2024-08-30 07:09:41,ETHUSDT,bid,2430,8085.757
2024-08-30 07:10:45,ETHUSDT,bid,2430,8085.193
2024-08-30 07:12:43,ETHUSDT,bid,2440,9501.229
2024-08-30 07:13:26,ETHUSDT,bid,2400,14362.051
2024-08-30 07:13:28,ETHUSDT,bid,2430,8083.193
2024-08-30 07:14:18,ETHUSDT,bid,2400,14361.551
2024-08-30 07:14:24,ETHUSDT,bid,2400,14361.804
2024-08-30 07:14:26,ETHUSDT,bid,2400,14361.785
2024-08-30 07:15:34,ETHUSDT,bid,2450,5175.691
2024-08-30 07:15:35,ETHUSDT,bid,2400,14361.069
2024-08-30 07:15:52,ETHUSDT,bid,2450,5175.654
2024-08-30 07:15:56,ETHUSDT,bid,2400,14351.069
2024-08-30 07:17:12,ETHUSDT,bid,2350,13645.57
2024-08-30 07:17:47,ETHUSDT,bid,2400,14356.847
2024-08-30 07:18:42,ETHUSDT,bid,2440,9501.629
2024-08-30 07:19:58,ETHUSDT,bid,2430,8083.243
2024-08-30 07:20:35,ETHUSDT,bid,2400,14356.929
2024-08-30 07:21:07,ETHUSDT,bid,2400,14357.127
2024-08-30 07:22:20,ETHUSDT,bid,2440,9481.629
2024-08-30 07:22:47,ETHUSDT,bid,2400,14356.874
2024-08-30 07:23:05,ETHUSDT,bid,2400,14357.354
2024-08-30 07:23:10,ETHUSDT,bid,2400,14356.874
2024-08-30 07:24:38,ETHUSDT,bid,2450,5175.776
2024-08-30 07:24:50,ETHUSDT,bid,2440,9481.751
2024-08-30 07:24:58,ETHUSDT,bid,2360,10903.655
2024-08-30 07:25:01,ETHUSDT,bid,2430,8083.366
2024-08-30 07:25:14,ETHUSDT,bid,2400,14356.478
2024-08-30 07:25:15,ETHUSDT,bid,2360,10903.501
2024-08-30 07:25:22,ETHUSDT,bid,2440,9479.751
2024-08-30 07:25:40,ETHUSDT,bid,2400,14356.603
2024-08-30 07:26:11,ETHUSDT,bid,2400,14355.603
2024-08-30 07:26:28,ETHUSDT,bid,2380,10444.435
2024-08-30 07:27:00,ETHUSDT,bid,2440,9479.762
2024-08-30 07:27:37,ETHUSDT,bid,2430,8081.49
2024-08-30 07:27:59,ETHUSDT,bid,2400,14355.758
2024-08-30 07:28:05,ETHUSDT,bid,2400,14355.603
2024-08-30 07:28:47,ETHUSDT,bid,2430,8081.258
2024-08-30 07:32:21,ETHUSDT,bid,2400,14355.699
2024-08-30 07:32:21,ETHUSDT,bid,2430,8081.354
2024-08-30 07:32:21,ETHUSDT,bid,2440,9479.858
2024-08-30 07:32:21,ETHUSDT,bid,2450,5175.872
2024-08-30 07:33:14,ETHUSDT,bid,2420,5447.321
2024-08-30 07:33:14,ETHUSDT,bid,2420,5447.331
2024-08-30 07:33:14,ETHUSDT,bid,2420,5447.341
2024-08-30 07:33:14,ETHUSDT,bid,2420,5447.351
2024-08-30 07:33:16,ETHUSDT,bid,2420,5447.361
2024-08-30 07:34:21,ETHUSDT,bid,2420,5447.351
2024-08-30 07:34:45,ETHUSDT,bid,2420,5447.341
2024-08-30 07:34:52,ETHUSDT,bid,2450,5176.172
2024-08-30 07:35:33,ETHUSDT,bid,2400,14355.395
2024-08-30 07:36:27,ETHUSDT,bid,2420,5447.331
2024-08-30 07:36:52,ETHUSDT,bid,2400,14355.197
2024-08-30 07:41:40,ETHUSDT,bid,2400,14355.173
2024-08-30 07:42:26,ETHUSDT,bid,2400,14355.182
2024-08-30 07:42:31,ETHUSDT,bid,2400,14354.974
2024-08-30 07:43:09,ETHUSDT,bid,2400,14351.021
2024-08-30 07:44:19,ETHUSDT,bid,2350,13635.57
2024-08-30 07:44:26,ETHUSDT,bid,2400,14351.875
2024-08-30 07:45:15,ETHUSDT,bid,2400,14351.035
2024-08-30 07:46:38,ETHUSDT,bid,2400,14350.796
2024-08-30 07:47:57,ETHUSDT,bid,2420,5447.321
2024-08-30 07:48:01,ETHUSDT,bid,2400,14351.296
2024-08-30 07:49:11,ETHUSDT,bid,2430,8080.841
2024-08-30 07:49:25,ETHUSDT,bid,2440,9480.858
2024-08-30 07:49:34,ETHUSDT,bid,2400,14350.046
2024-08-30 07:49:34,ETHUSDT,bid,2400,14351.823
2024-08-30 07:50:29,ETHUSDT,bid,2450,5174.172
2024-08-30 07:50:30,ETHUSDT,bid,2450,5170.172
2024-08-30 07:50:37,ETHUSDT,bid,2400,14351.923
2024-08-30 07:50:50,ETHUSDT,bid,2400,14351.823
2024-08-30 07:51:20,ETHUSDT,bid,2380,10445.692
2024-08-30 07:51:29,ETHUSDT,bid,2450,5174.327
2024-08-30 07:51:32,ETHUSDT,bid,2400,14350.046
2024-08-30 07:51:34,ETHUSDT,bid,2400,14351.775
2024-08-30 07:51:37,ETHUSDT,bid,2360,10904.769
2024-08-30 07:51:47,ETHUSDT,bid,2350,13636.843
2024-08-30 07:51:52,ETHUSDT,bid,2450,5173.827
2024-08-30 07:52:03,ETHUSDT,bid,2450,5173.626
2024-08-30 07:52:26,ETHUSDT,bid,2350,13637.268
2024-08-30 07:52:31,ETHUSDT,bid,2400,14352.191
2024-08-30 07:52:38,ETHUSDT,bid,2400,14351.337
2024-08-30 07:53:12,ETHUSDT,bid,2400,14351.649
2024-08-30 07:53:48,ETHUSDT,bid,2400,14352.161
2024-08-30 07:54:34,ETHUSDT,bid,2400,14350.432
2024-08-30 07:54:36,ETHUSDT,bid,2400,14350.823
2024-08-30 07:55:10,ETHUSDT,bid,2400,14351.021
2024-08-30 07:55:27,ETHUSDT,bid,2400,14350.938
2024-08-30 07:55:56,ETHUSDT,bid,2380,10445.343
2024-08-30 07:56:08,ETHUSDT,bid,2400,14350.626
2024-08-30 07:56:48,ETHUSDT,bid,2430,8081.251
2024-08-30 07:57:54,ETHUSDT,bid,2400,14349.626
2024-08-30 07:59:12,ETHUSDT,bid,2450,5183.809
2024-08-30 07:59:34,ETHUSDT,bid,2450,5188.709
2024-08-30 08:00:08,ETHUSDT,bid,2400,14346.471
2024-08-30 08:04:18,ETHUSDT,bid,2400,14346.43
2024-08-30 08:04:40,ETHUSDT,bid,2400,14352.68
2024-08-30 08:05:15,ETHUSDT,bid,2450,5186.732
2024-08-30 08:06:07,ETHUSDT,bid,2400,14352.69
2024-08-30 08:06:28,ETHUSDT,bid,2400,14352.728
2024-08-30 08:06:45,ETHUSDT,bid,2400,14352.718
2024-08-30 08:07:01,ETHUSDT,bid,2430,8090.546
2024-08-30 08:07:01,ETHUSDT,bid,2430,8110.294
2024-08-30 08:07:30,ETHUSDT,bid,2400,14353.009
2024-08-30 08:08:10,ETHUSDT,bid,2400,14354.009
2024-08-30 08:08:24,ETHUSDT,bid,2400,14353.718
2024-08-30 08:08:26,ETHUSDT,bid,2400,14352.718
2024-08-30 08:08:34,ETHUSDT,bid,2400,14353.134
2024-08-30 08:09:04,ETHUSDT,bid,2400,14354.134
2024-08-30 08:09:41,ETHUSDT,bid,2400,14353.134
2024-08-30 08:10:23,ETHUSDT,bid,2400,14353.144
2024-08-30 08:10:48,ETHUSDT,bid,2400,14353.134
2024-08-30 08:11:14,ETHUSDT,bid,2400,14353.144
2024-08-30 08:12:00,ETHUSDT,bid,2430,8100.999
2024-08-30 08:12:00,ETHUSDT,bid,2430,8081.251
2024-08-30 08:12:12,ETHUSDT,bid,2400,14353.134
2024-08-30 08:15:47,ETHUSDT,bid,2250,4481.697
2024-08-30 08:17:29,ETHUSDT,bid,2400,14354.134
2024-08-30 08:17:52,ETHUSDT,bid,2440,9479.858
2024-08-30 08:18:18,ETHUSDT,bid,2440,9479.857
2024-08-30 08:18:18,ETHUSDT,bid,2450,5186.731
2024-08-30 08:20:33,ETHUSDT,bid,2450,5187.341
2024-08-30 08:20:58,ETHUSDT,bid,2400,14354.634
2024-08-30 08:21:07,ETHUSDT,bid,2140,4723.271
2024-08-30 08:21:19,ETHUSDT,bid,2450,5188.481
2024-08-30 08:23:55,ETHUSDT,bid,2400,14353.8
2024-08-30 08:24:36,ETHUSDT,bid,2400,14353.5
2024-08-30 08:25:18,ETHUSDT,bid,2450,5189.161
2024-08-30 08:27:03,ETHUSDT,bid,2400,14353.522
2024-08-30 08:27:16,ETHUSDT,bid,2420,5447.311
2024-08-30 08:29:00,ETHUSDT,bid,2430,8081.257
2024-08-30 08:29:03,ETHUSDT,bid,2400,14353.535
2024-08-30 08:29:04,ETHUSDT,bid,2430,8081.251
2024-08-30 08:29:51,ETHUSDT,bid,2400,14353.735
2024-08-30 08:30:27,ETHUSDT,bid,2430,8081.524
2024-08-30 08:31:14,ETHUSDT,bid,2450,5190.161
2024-08-30 08:31:26,ETHUSDT,bid,2400,14353.528
2024-08-30 08:31:59,ETHUSDT,bid,2400,14353.218
2024-08-30 08:33:44,ETHUSDT,bid,2360,10902.813
2024-08-30 08:33:57,ETHUSDT,bid,2400,14414.006
2024-08-30 08:33:59,ETHUSDT,bid,2140,4723.142
2024-08-30 08:33:59,ETHUSDT,bid,2400,14413.891
2024-08-30 08:35:10,ETHUSDT,bid,2430,8081.55
2024-08-30 08:35:24,ETHUSDT,bid,2400,14414.191
2024-08-30 08:35:46,ETHUSDT,bid,2400,14413.983
2024-08-30 08:36:02,ETHUSDT,bid,2400,14407.733
2024-08-30 08:36:08,ETHUSDT,bid,2400,14407.669
2024-08-30 08:37:09,ETHUSDT,bid,2430,8081.58
2024-08-30 08:37:10,ETHUSDT,bid,2420,5447.241
2024-08-30 08:38:15,ETHUSDT,bid,2400,14408.144
2024-08-30 08:38:51,ETHUSDT,bid,2450,5196.27
2024-08-30 08:39:25,ETHUSDT,bid,2430,8081.55
2024-08-30 08:39:57,ETHUSDT,bid,2450,5196.209
2024-08-30 08:40:17,ETHUSDT,bid,2400,14408.206
2024-08-30 08:40:31,ETHUSDT,bid,2400,14404.053
2024-08-30 08:41:54,ETHUSDT,bid,2430,8082.05
2024-08-30 08:42:38,ETHUSDT,bid,2450,5192.58
2024-08-30 08:42:51,ETHUSDT,bid,2380,10441.972
2024-08-30 08:43:40,ETHUSDT,bid,2400,14401.7
2024-08-30 08:43:43,ETHUSDT,bid,2400,14401.641
2024-08-30 08:44:55,ETHUSDT,bid,2400,14401.632
2024-08-30 08:45:16,ETHUSDT,bid,2400,14401.641
2024-08-30 08:46:43,ETHUSDT,bid,2450,5193.172
2024-08-30 08:47:08,ETHUSDT,bid,2400,14401.66
2024-08-30 08:48:48,ETHUSDT,bid,2400,14396.869
2024-08-30 08:48:55,ETHUSDT,bid,2420,5448.241
2024-08-30 08:48:58,ETHUSDT,bid,2400,14399.369
2024-08-30 08:49:12,ETHUSDT,bid,2380,10441.956
2024-08-30 08:49:17,ETHUSDT,bid,2380,10441.947
2024-08-30 08:49:17,ETHUSDT,bid,2450,5193.163
2024-08-30 08:49:35,ETHUSDT,bid,2440,9480.673
2024-08-30 08:49:41,ETHUSDT,bid,2450,5192.163
2024-08-30 08:50:30,ETHUSDT,bid,2450,5192.366
2024-08-30 08:50:30,ETHUSDT,bid,2400,14399.447
2024-08-30 08:50:35,ETHUSDT,bid,2400,14398.947
2024-08-30 08:50:38,ETHUSDT,bid,2440,9480.773
2024-08-30 08:51:14,ETHUSDT,bid,2400,14408.947
2024-08-30 08:51:28,ETHUSDT,bid,2400,14408.928
2024-08-30 08:52:17,ETHUSDT,bid,2400,14407.887
2024-08-30 08:53:37,ETHUSDT,bid,2430,8082.059
2024-08-30 08:53:44,ETHUSDT,bid,2450,5191.774
2024-08-30 08:54:55,ETHUSDT,bid,2430,8082.182
2024-08-30 08:57:06,ETHUSDT,bid,2450,5186.874
2024-08-30 08:57:26,ETHUSDT,bid,2440,9485.673
2024-08-30 08:57:42,ETHUSDT,bid,2440,9480.773
2024-08-30 08:58:09,ETHUSDT,bid,2440,9485.573
2024-08-30 09:01:06,ETHUSDT,bid,2400,14377.825
2024-08-30 09:01:40,ETHUSDT,bid,2400,14377.409
2024-08-30 09:02:12,ETHUSDT,bid,2400,14407.467
2024-08-30 09:02:56,ETHUSDT,bid,2440,9485.701
2024-08-30 09:03:07,ETHUSDT,bid,2420,5448.231
2024-08-30 09:04:00,ETHUSDT,bid,2420,5448.221
2024-08-30 09:06:08,ETHUSDT,bid,2400,14409.565
2024-08-30 09:06:45,ETHUSDT,bid,2400,14409.503
2024-08-30 09:07:17,ETHUSDT,bid,2400,14409.492
2024-08-30 09:07:50,ETHUSDT,bid,2400,14411.845
2024-08-30 09:08:48,ETHUSDT,bid,2400,14409.143
2024-08-30 09:09:24,ETHUSDT,bid,2440,9485.435
2024-08-30 09:10:49,ETHUSDT,bid,2400,14409.246
2024-08-30 09:11:23,ETHUSDT,bid,2400,14407.996
2024-08-30 09:11:51,ETHUSDT,bid,2430,8081.361
2024-08-30 09:12:04,ETHUSDT,bid,2400,14407.496
2024-08-30 09:14:45,ETHUSDT,bid,2400,14407.796
2024-08-30 09:14:48,ETHUSDT,bid,2400,14407.921
2024-08-30 09:16:50,ETHUSDT,bid,2350,13637.171
2024-08-30 09:16:50,ETHUSDT,bid,2380,10441.85
2024-08-30 09:16:50,ETHUSDT,bid,2400,14407.824
2024-08-30 09:16:50,ETHUSDT,bid,2440,9485.338
2024-08-30 09:16:59,ETHUSDT,bid,2400,14397.824
2024-08-30 09:17:25,ETHUSDT,bid,2400,14397.89
2024-08-30 09:18:34,ETHUSDT,bid,2400,14389.873
2024-08-30 09:19:25,ETHUSDT,bid,2400,14390.028
2024-08-30 09:21:04,ETHUSDT,bid,2400,14389.978
2024-08-30 09:21:17,ETHUSDT,bid,2450,5186.555
2024-08-30 09:22:23,ETHUSDT,bid,2400,14396.734
2024-08-30 09:22:32,ETHUSDT,bid,2400,14396.485
2024-08-30 09:23:37,ETHUSDT,bid,2400,14394.747
2024-08-30 09:23:37,ETHUSDT,bid,2400,14395.747
2024-08-30 09:24:18,ETHUSDT,bid,2420,5448.501
2024-08-30 09:25:22,ETHUSDT,bid,2430,8081.391
2024-08-30 09:25:44,ETHUSDT,bid,2450,5189.855
2024-08-30 09:25:52,ETHUSDT,bid,2400,14395.809
2024-08-30 09:26:33,ETHUSDT,bid,2400,14395.871
2024-08-30 09:27:43,ETHUSDT,bid,2420,5448.491
2024-08-30 09:28:12,ETHUSDT,bid,2420,5448.481
2024-08-30 09:29:22,ETHUSDT,bid,2430,8081.382
2024-08-30 09:29:42,ETHUSDT,bid,2400,14416.704
2024-08-30 09:30:12,ETHUSDT,bid,2420,5448.471
2024-08-30 09:30:54,ETHUSDT,bid,2400,14414.606
2024-08-30 09:31:14,ETHUSDT,bid,2450,5189.175
2024-08-30 09:31:27,ETHUSDT,bid,2430,8081.391
2024-08-30 09:31:58,ETHUSDT,bid,2360,10902.982
2024-08-30 09:31:58,ETHUSDT,bid,2450,5189.344
2024-08-30 09:32:31,ETHUSDT,bid,2420,5448.461
2024-08-30 09:33:17,ETHUSDT,bid,2400,14414.676
2024-08-30 09:35:22,ETHUSDT,bid,2440,9480.538
2024-08-30 09:35:27,ETHUSDT,bid,2450,5201.55
2024-08-30 09:36:22,ETHUSDT,bid,2400,14407.92
2024-08-30 09:37:05,ETHUSDT,bid,2380,10441.881
2024-08-30 09:37:12,ETHUSDT,bid,2400,14408.107
2024-08-30 09:38:57,ETHUSDT,bid,2440,9480.538
2024-08-30 09:39:02,ETHUSDT,bid,2440,9480.57
2024-08-30 09:39:02,ETHUSDT,bid,2440,9480.538
2024-08-30 09:39:03,ETHUSDT,bid,2250,4478.697
2024-08-30 09:39:40,ETHUSDT,bid,2400,14408.544
2024-08-30 09:40:27,ETHUSDT,bid,2450,5189.344
2024-08-30 09:40:30,ETHUSDT,bid,2400,14429.377
2024-08-30 09:40:50,ETHUSDT,bid,2400,14429.417
2024-08-30 09:40:59,ETHUSDT,bid,2450,5189.772
2024-08-30 09:41:22,ETHUSDT,bid,2400,14429.377
2024-08-30 09:41:25,ETHUSDT,bid,2430,8091.641
2024-08-30 09:41:53,ETHUSDT,bid,2400,14430.418
2024-08-30 09:42:01,ETHUSDT,bid,2400,14429.377
2024-08-30 09:43:27,ETHUSDT,bid,2400,14427.024
2024-08-30 09:43:43,ETHUSDT,bid,2430,8081.391
2024-08-30 09:44:18,ETHUSDT,bid,2450,5179.772
2024-08-30 09:45:38,ETHUSDT,bid,2400,14426.764
2024-08-30 09:45:42,ETHUSDT,bid,2400,14426.794
2024-08-30 09:45:45,ETHUSDT,bid,2430,8081.361
2024-08-30 09:46:19,ETHUSDT,bid,2400,14426.772
2024-08-30 09:47:08,ETHUSDT,bid,2400,14424.769
2024-08-30 09:47:11,ETHUSDT,bid,2420,5848.46
2024-08-30 09:47:19,ETHUSDT,bid,2440,9482.538
2024-08-30 09:47:37,ETHUSDT,bid,2450,5179.853
2024-08-30 09:47:37,ETHUSDT,bid,2400,14424.304
2024-08-30 09:47:48,ETHUSDT,bid,2440,9482.619
2024-08-30 09:47:57,ETHUSDT,bid,2430,8081.443
2024-08-30 09:48:01,ETHUSDT,bid,2400,14424.345
2024-08-30 09:48:04,ETHUSDT,bid,2450,5179.425
2024-08-30 09:48:20,ETHUSDT,bid,2400,14424.643
2024-08-30 09:48:31,ETHUSDT,bid,2430,8071.236
2024-08-30 09:48:57,ETHUSDT,bid,2400,14436.889
2024-08-30 09:49:06,ETHUSDT,bid,2400,14442.232
2024-08-30 09:49:23,ETHUSDT,bid,2400,14445.577
2024-08-30 09:49:44,ETHUSDT,bid,2400,14445.486
2024-08-30 09:50:02,ETHUSDT,bid,2440,9496.235
2024-08-30 09:50:31,ETHUSDT,bid,2400,14445.086
2024-08-30 09:51:14,ETHUSDT,bid,2450,5179.525
2024-08-30 09:51:17,ETHUSDT,bid,2430,8071.266
2024-08-30 09:51:51,ETHUSDT,bid,2360,10905.095
2024-08-30 09:52:26,ETHUSDT,bid,2450,5182.525
2024-08-30 09:52:47,ETHUSDT,bid,2400,14451.838
2024-08-30 09:53:14,ETHUSDT,bid,2400,14451.749
2024-08-30 09:53:32,ETHUSDT,bid,2140,4723.726
2024-08-30 09:54:33,ETHUSDT,bid,2450,5182.337
2024-08-30 09:54:38,ETHUSDT,bid,2400,14451.76
2024-08-30 09:55:25,ETHUSDT,bid,2440,9486.235
2024-08-30 09:57:11,ETHUSDT,bid,2450,5183.151
2024-08-30 09:57:35,ETHUSDT,bid,2400,14451.462
2024-08-30 09:57:52,ETHUSDT,bid,2450,5183.86
2024-08-30 09:58:44,ETHUSDT,bid,2400,14444.71
2024-08-30 09:59:19,ETHUSDT,bid,2450,5188.86
2024-08-30 09:59:20,ETHUSDT,bid,2400,14444.793
2024-08-30 09:59:43,ETHUSDT,bid,2400,14444.921
2024-08-30 10:00:00,ETHUSDT,bid,2450,5189.267
2024-08-30 10:00:53,ETHUSDT,bid,2400,14446.921
2024-08-30 10:02:25,ETHUSDT,bid,2400,14449.222
2024-08-30 10:04:04,ETHUSDT,bid,2430,8073.663
2024-08-30 10:04:15,ETHUSDT,bid,2400,14449.206
2024-08-30 10:04:30,ETHUSDT,bid,2140,4723.142
2024-08-30 10:04:56,ETHUSDT,bid,2450,5192.764
2024-08-30 10:05:12,ETHUSDT,bid,2430,8071.266
2024-08-30 10:05:53,ETHUSDT,bid,2450,5192.814
2024-08-30 10:06:06,ETHUSDT,bid,2400,14450.039
2024-08-30 10:06:19,ETHUSDT,bid,2430,8073.285
2024-08-30 10:06:24,ETHUSDT,bid,2400,14450.059
2024-08-30 10:06:27,ETHUSDT,bid,2450,5194.443
2024-08-30 10:06:35,ETHUSDT,bid,2430,8071.266
2024-08-30 10:06:41,ETHUSDT,bid,2380,10471.881
2024-08-30 10:07:13,ETHUSDT,ask,3040,3280.343
2024-08-30 10:09:06,ETHUSDT,bid,2400,14453.059
2024-08-30 10:09:07,ETHUSDT,bid,2400,14453.068
2024-08-30 10:10:13,ETHUSDT,bid,2400,14450.068
2024-08-30 10:10:57,ETHUSDT,bid,2200,5069.798
2024-08-30 10:11:44,ETHUSDT,bid,2400,14450.116
2024-08-30 10:11:53,ETHUSDT,bid,2400,14449.952
2024-08-30 10:12:34,ETHUSDT,bid,2450,5193.443
2024-08-30 10:12:35,ETHUSDT,bid,2350,13637.216
2024-08-30 10:12:41,ETHUSDT,bid,2400,14450.285
2024-08-30 10:12:45,ETHUSDT,bid,2290,4444.359
2024-08-30 10:12:45,ETHUSDT,bid,2400,14450.388
2024-08-30 10:12:52,ETHUSDT,bid,2400,14449.38
2024-08-30 10:12:58,ETHUSDT,bid,2400,14449.487
2024-08-30 10:13:05,ETHUSDT,bid,2450,5191.814
2024-08-30 10:13:26,ETHUSDT,bid,2440,9472.619
2024-08-30 10:13:35,ETHUSDT,bid,2400,14449.154
2024-08-30 10:13:51,ETHUSDT,bid,2400,14448.463
2024-08-30 10:14:07,ETHUSDT,bid,2290,4444.256
2024-08-30 10:14:07,ETHUSDT,bid,2400,14448.36
2024-08-30 10:14:30,ETHUSDT,bid,2400,14448.379
2024-08-30 10:15:39,ETHUSDT,bid,2350,13637.616
2024-08-30 10:16:35,ETHUSDT,bid,2400,14448.325
2024-08-30 10:17:00,ETHUSDT,bid,2400,14449.325
2024-08-30 10:17:23,ETHUSDT,bid,2400,14449.334
2024-08-30 10:17:30,ETHUSDT,bid,2450,5232.543
2024-08-30 10:17:47,ETHUSDT,bid,2200,5070.77
2024-08-30 10:17:54,ETHUSDT,bid,2420,5847.016
2024-08-30 10:18:02,ETHUSDT,bid,2400,14449.325
2024-08-30 10:18:35,ETHUSDT,bid,2420,5848.254
2024-08-30 10:19:05,ETHUSDT,bid,2400,14449.438
2024-08-30 10:19:13,ETHUSDT,bid,2400,14449.325
2024-08-30 10:20:10,ETHUSDT,bid,2430,8071.282
2024-08-30 10:20:13,ETHUSDT,bid,2430,8071.306
2024-08-30 10:20:18,ETHUSDT,bid,2430,8071.323
2024-08-30 10:20:19,ETHUSDT,bid,2400,14449.429
2024-08-30 10:20:38,ETHUSDT,bid,2400,14449.19
2024-08-30 10:20:38,ETHUSDT,bid,2430,8071.088
2024-08-30 10:20:38,ETHUSDT,bid,2440,9472.385
2024-08-30 10:20:38,ETHUSDT,bid,2450,5232.31
2024-08-30 10:21:04,ETHUSDT,bid,2450,5228.813
2024-08-30 10:21:33,ETHUSDT,bid,2430,8071.058
2024-08-30 10:24:20,ETHUSDT,ask,2510,5002.584
2024-08-30 10:24:20,ETHUSDT,ask,2510,5000.995
2024-08-30 10:24:21,ETHUSDT,ask,2510,5000.995
2024-08-30 10:24:21,ETHUSDT,ask,2510,5000.598
2024-08-30 10:24:22,ETHUSDT,ask,2510,5018.815
2024-08-30 10:24:22,ETHUSDT,ask,2510,5000.598
2024-08-30 10:24:23,ETHUSDT,ask,2510,5018.492
2024-08-30 10:24:23,ETHUSDT,ask,2510,5000.598
2024-08-30 10:24:24,ETHUSDT,ask,2510,5000.598
2024-08-30 10:24:24,ETHUSDT,ask,2510,5001.198
2024-08-30 10:24:25,ETHUSDT,ask,2510,5019.092
2024-08-30 10:24:25,ETHUSDT,ask,2510,5002.698
2024-08-30 10:24:25,ETHUSDT,ask,2510,5002.398
2024-08-30 10:24:26,ETHUSDT,bid,2400,14449.215
2024-08-30 10:24:26,ETHUSDT,ask,2510,5002.398
2024-08-30 10:24:26,ETHUSDT,ask,2510,5001.998
2024-08-30 10:24:26,ETHUSDT,ask,2510,5001.198
2024-08-30 10:24:27,ETHUSDT,ask,2510,5010.371
2024-08-30 10:24:28,ETHUSDT,ask,2510,5010.371
2024-08-30 10:24:29,ETHUSDT,ask,2510,5028.588
2024-08-30 10:24:29,ETHUSDT,ask,2510,5010.371
2024-08-30 10:24:30,ETHUSDT,ask,2510,5009.773
2024-08-30 10:24:31,ETHUSDT,ask,2510,5009.773
2024-08-30 10:24:32,ETHUSDT,ask,2510,5027.667
2024-08-30 10:24:32,ETHUSDT,ask,2510,5009.773
2024-08-30 10:24:33,ETHUSDT,ask,2510,5009.773
2024-08-30 10:24:34,ETHUSDT,ask,2510,5027.991
2024-08-30 10:24:34,ETHUSDT,ask,2510,5009.773
2024-08-30 10:24:35,ETHUSDT,ask,2510,5009.773
2024-08-30 10:24:35,ETHUSDT,bid,2400,14449.266
2024-08-30 10:24:35,ETHUSDT,ask,2510,5000.6
2024-08-30 10:24:36,ETHUSDT,ask,2510,5000.6
2024-08-30 10:24:36,ETHUSDT,ask,2510,5000.631
2024-08-30 10:24:37,ETHUSDT,ask,2510,5018.849
2024-08-30 10:24:37,ETHUSDT,ask,2510,5001.638
2024-08-30 10:24:37,ETHUSDT,ask,2510,5001.838
2024-08-30 10:24:37,ETHUSDT,ask,2510,5007.794
2024-08-30 10:24:38,ETHUSDT,ask,2510,5007.594
2024-08-30 10:24:40,ETHUSDT,ask,2510,5025.488
2024-08-30 10:24:40,ETHUSDT,ask,2510,5007.594
2024-08-30 10:24:42,ETHUSDT,ask,2510,5025.488
2024-08-30 10:24:42,ETHUSDT,ask,2510,5007.594
2024-08-30 10:24:43,ETHUSDT,ask,2510,5025.488
2024-08-30 10:24:43,ETHUSDT,ask,2510,5007.594
2024-08-30 10:24:43,ETHUSDT,ask,2510,5001.638
2024-08-30 10:24:53,ETHUSDT,bid,2400,14449.227
2024-08-30 10:26:01,ETHUSDT,bid,2400,14456.059
2024-08-30 10:26:03,ETHUSDT,bid,2380,10476.381
2024-08-30 10:26:13,ETHUSDT,bid,2450,5229.313
2024-08-30 10:26:26,ETHUSDT,bid,2400,14456.07
2024-08-30 10:27:30,ETHUSDT,ask,2510,5019.163
2024-08-30 10:27:31,ETHUSDT,ask,2510,5019.163
2024-08-30 10:27:31,ETHUSDT,ask,2510,5018.299
2024-08-30 10:27:32,ETHUSDT,ask,2510,5036.193
2024-08-30 10:27:32,ETHUSDT,ask,2510,5018.429
2024-08-30 10:27:32,ETHUSDT,ask,2510,5026.389
2024-08-30 10:27:33,ETHUSDT,ask,2510,5026.517
2024-08-30 10:27:33,ETHUSDT,ask,2510,5044.451
2024-08-30 10:27:33,ETHUSDT,ask,2510,5026.517
2024-08-30 10:27:33,ETHUSDT,ask,2510,5018.557
2024-08-30 10:27:49,ETHUSDT,bid,2430,8071.069
2024-08-30 10:31:31,ETHUSDT,bid,2450,5188.584
2024-08-30 10:31:56,ETHUSDT,bid,2400,14456.149
2024-08-30 10:32:40,ETHUSDT,bid,2400,14457.574
2024-08-30 10:32:51,ETHUSDT,bid,2450,5189.512
2024-08-30 10:33:34,ETHUSDT,bid,2400,14457.782
2024-08-30 10:33:42,ETHUSDT,bid,2400,14457.99
2024-08-30 10:33:53,ETHUSDT,bid,2430,8071.119
2024-08-30 10:35:27,ETHUSDT,bid,2400,14459.378
2024-08-30 10:36:54,ETHUSDT,bid,2400,14438.545
2024-08-30 10:37:37,ETHUSDT,bid,2450,5189.812
2024-08-30 10:37:50,ETHUSDT,bid,2400,14438.497
2024-08-30 10:37:53,ETHUSDT,bid,2400,14438.637
2024-08-30 10:38:34,ETHUSDT,bid,2450,5189.512
2024-08-30 10:40:13,ETHUSDT,bid,2380,10471.881
2024-08-30 10:42:46,ETHUSDT,bid,2360,10907.596
2024-08-30 10:42:58,ETHUSDT,bid,2400,14439.224
2024-08-30 10:44:15,ETHUSDT,bid,2450,5189.212
2024-08-30 10:44:34,ETHUSDT,bid,2420,5848.407
2024-08-30 10:45:14,ETHUSDT,bid,2400,14439.274
2024-08-30 10:45:42,ETHUSDT,bid,2400,14439.256
2024-08-30 10:45:49,ETHUSDT,bid,2400,14439.261
2024-08-30 10:46:03,ETHUSDT,bid,2400,14439.053
2024-08-30 10:46:22,ETHUSDT,bid,2400,14439.002
2024-08-30 10:47:08,ETHUSDT,bid,2400,14433.527
2024-08-30 10:48:08,ETHUSDT,bid,2400,14432.527
2024-08-30 10:49:14,ETHUSDT,bid,2400,14432.388
2024-08-30 10:50:27,ETHUSDT,bid,2400,14432.378
2024-08-30 10:50:39,ETHUSDT,bid,2400,14432.394
2024-08-30 10:51:21,ETHUSDT,bid,2400,14432.344
2024-08-30 10:51:28,ETHUSDT,bid,2400,14435.762
2024-08-30 10:51:44,ETHUSDT,bid,2400,14435.751
2024-08-30 10:52:31,ETHUSDT,bid,2400,14435.651
2024-08-30 10:54:44,ETHUSDT,bid,2400,14435.671
2024-08-30 10:54:45,ETHUSDT,bid,2450,5190.229
2024-08-30 10:56:21,ETHUSDT,bid,2450,5189.212
2024-08-30 10:59:17,ETHUSDT,bid,2400,14435.807
2024-08-30 11:00:01,ETHUSDT,bid,2400,14435.83
2024-08-30 11:00:15,ETHUSDT,bid,2400,14432.412
2024-08-30 11:00:32,ETHUSDT,bid,2400,14432.191
2024-08-30 11:00:39,ETHUSDT,bid,2450,5189.863
2024-08-30 11:00:48,ETHUSDT,bid,2400,14432.211
2024-08-30 11:02:51,ETHUSDT,bid,2450,5189.363
2024-08-30 11:03:03,ETHUSDT,bid,2400,14423.211
2024-08-30 11:03:24,ETHUSDT,bid,1950,5353.472
2024-08-30 11:04:23,ETHUSDT,bid,2400,14423.031
2024-08-30 11:04:24,ETHUSDT,bid,2400,14422.831
2024-08-30 11:05:28,ETHUSDT,bid,2400,14423.845
2024-08-30 11:05:30,ETHUSDT,bid,2440,9472.416
2024-08-30 11:05:35,ETHUSDT,bid,2400,14423.804
2024-08-30 11:05:41,ETHUSDT,bid,2400,14422.79
2024-08-30 11:06:02,ETHUSDT,bid,2400,14427.79
2024-08-30 11:06:58,ETHUSDT,bid,2430,8070.996
2024-08-30 11:08:48,ETHUSDT,bid,2400,14427.781
2024-08-30 11:10:42,ETHUSDT,bid,2400,14428.919
2024-08-30 11:11:39,ETHUSDT,bid,2400,14428.832
2024-08-30 11:11:46,ETHUSDT,bid,2430,8070.986
2024-08-30 11:11:46,ETHUSDT,ask,2990,3459.26
2024-08-30 11:13:24,ETHUSDT,bid,2450,5181.041
2024-08-30 11:13:46,ETHUSDT,bid,2430,8064.318
2024-08-30 11:18:33,ETHUSDT,bid,2400,14428.842
2024-08-30 11:18:52,ETHUSDT,bid,2400,14428.706
2024-08-30 11:19:03,ETHUSDT,bid,2400,14427.568
2024-08-30 11:19:07,ETHUSDT,bid,2400,14427.432
2024-08-30 11:19:37,ETHUSDT,bid,1960,5205.288
2024-08-30 11:19:37,ETHUSDT,bid,2140,4723.116
2024-08-30 11:19:37,ETHUSDT,bid,2400,14427.406
2024-08-30 11:20:12,ETHUSDT,bid,2400,14428.721
2024-08-30 11:20:26,ETHUSDT,bid,2450,5184.041
2024-08-30 11:20:32,ETHUSDT,bid,2430,8064.321
2024-08-30 11:20:55,ETHUSDT,bid,2400,14428.741
2024-08-30 11:24:01,ETHUSDT,bid,2440,9474.382
2024-08-30 11:25:00,ETHUSDT,bid,2440,9472.416
2024-08-30 11:25:45,ETHUSDT,bid,2350,13638.707
2024-08-30 11:26:10,ETHUSDT,bid,2420,5846.888
2024-08-30 11:26:28,ETHUSDT,bid,2400,14429.172
2024-08-30 11:26:51,ETHUSDT,bid,2450,5187.299
2024-08-30 11:27:09,ETHUSDT,bid,2430,8064.121
2024-08-30 11:29:10,ETHUSDT,bid,2400,14429.187
2024-08-30 11:29:17,ETHUSDT,bid,2400,14430.187
2024-08-30 11:30:51,ETHUSDT,bid,2400,14429.824
2024-08-30 11:31:04,ETHUSDT,bid,2430,8102.121
2024-08-30 11:32:08,ETHUSDT,bid,2400,14430.824
2024-08-30 11:33:02,ETHUSDT,bid,2400,14430.815
2024-08-30 11:33:18,ETHUSDT,bid,2430,8105.744
2024-08-30 11:33:55,ETHUSDT,bid,2430,8107.244
2024-08-30 11:35:28,ETHUSDT,bid,2400,14430.784
2024-08-30 11:36:56,ETHUSDT,bid,2400,14431.025
2024-08-30 11:38:55,ETHUSDT,bid,2430,8097.244
2024-08-30 11:40:27,ETHUSDT,bid,2400,14431.125
2024-08-30 11:41:34,ETHUSDT,bid,2380,10470.331
2024-08-30 11:43:06,ETHUSDT,bid,2440,9472.45
2024-08-30 11:43:12,ETHUSDT,bid,2400,14468.208
2024-08-30 11:43:16,ETHUSDT,bid,2440,9472.416
2024-08-30 11:43:44,ETHUSDT,bid,2400,14468.062
2024-08-30 11:44:03,ETHUSDT,bid,2400,14430.979
2024-08-30 11:45:06,ETHUSDT,bid,2400,14430.875
2024-08-30 11:45:06,ETHUSDT,bid,2450,5184.099
2024-08-30 11:45:16,ETHUSDT,bid,2400,14430.809
2024-08-30 11:45:44,ETHUSDT,bid,2400,14430.936
2024-08-30 11:46:21,ETHUSDT,bid,1960,5205.302
2024-08-30 11:47:02,ETHUSDT,bid,2450,5184.013
2024-08-30 11:49:25,ETHUSDT,bid,2450,5184.064
2024-08-30 11:50:35,ETHUSDT,bid,2400,14430.728
2024-08-30 11:50:48,ETHUSDT,bid,2400,14430.738
2024-08-30 11:51:10,ETHUSDT,bid,2450,5183.046
2024-08-30 11:52:22,ETHUSDT,bid,2400,14431.221
2024-08-30 11:52:22,ETHUSDT,bid,2430,8097.727
2024-08-30 11:52:22,ETHUSDT,bid,2440,9472.899
2024-08-30 11:52:22,ETHUSDT,bid,2450,5183.529
2024-08-30 11:53:23,ETHUSDT,bid,2400,14431.201
2024-08-30 11:54:19,ETHUSDT,bid,2440,9470.071
2024-08-30 11:55:49,ETHUSDT,bid,2400,14431.877
2024-08-30 11:56:01,ETHUSDT,bid,2440,9470.071
2024-08-30 11:56:39,ETHUSDT,bid,2400,14431.461
2024-08-30 11:58:34,ETHUSDT,bid,2250,4478.707
2024-08-30 12:01:36,ETHUSDT,bid,2400,14431.961
2024-08-30 12:01:57,ETHUSDT,bid,2450,5182.919
2024-08-30 12:02:41,ETHUSDT,bid,2400,14432.004
2024-08-30 12:04:07,ETHUSDT,bid,2450,5182.919
2024-08-30 12:05:06,ETHUSDT,bid,2450,5183.219
2024-08-30 12:05:29,ETHUSDT,bid,2400,14432.019
2024-08-30 12:05:42,ETHUSDT,bid,2400,14431.912
2024-08-30 12:06:33,ETHUSDT,bid,2430,8100.727
2024-08-30 12:08:06,ETHUSDT,bid,2430,8097.727
2024-08-30 12:08:10,ETHUSDT,bid,2400,14432.051
2024-08-30 12:08:56,ETHUSDT,bid,2400,14432.251
2024-08-30 12:09:20,ETHUSDT,bid,2400,14433.805
2024-08-30 12:09:30,ETHUSDT,bid,1960,5205.288
2024-08-30 12:11:21,ETHUSDT,bid,2400,14432.972
2024-08-30 12:13:02,ETHUSDT,bid,2400,14432.963
2024-08-30 12:13:02,ETHUSDT,bid,2430,8097.718
2024-08-30 12:13:02,ETHUSDT,bid,2440,9470.062
2024-08-30 12:13:02,ETHUSDT,bid,2450,5183.21
2024-08-30 12:14:01,ETHUSDT,bid,2450,5249.748
2024-08-30 12:14:07,ETHUSDT,bid,2450,5249.828
2024-08-30 12:14:26,ETHUSDT,bid,2350,13637.616
2024-08-30 12:14:52,ETHUSDT,bid,2450,5246.528
2024-08-30 12:15:29,ETHUSDT,bid,2400,14435.963
2024-08-30 12:16:00,ETHUSDT,bid,2400,14435.983
2024-08-30 12:16:04,ETHUSDT,bid,2450,5179.99
2024-08-30 12:16:04,ETHUSDT,bid,2450,5232.414
2024-08-30 12:16:10,ETHUSDT,bid,2450,5179.99
2024-08-30 12:16:21,ETHUSDT,bid,2400,14436.006
2024-08-30 12:16:29,ETHUSDT,bid,2400,14435.506
2024-08-30 12:16:37,ETHUSDT,bid,2440,9470.072
2024-08-30 12:16:48,ETHUSDT,bid,2440,9469.029
2024-08-30 12:17:07,ETHUSDT,bid,2350,13640.153
2024-08-30 12:17:09,ETHUSDT,bid,2400,12352.173
2024-08-30 12:17:10,ETHUSDT,bid,2400,12353.173
2024-08-30 12:17:51,ETHUSDT,bid,2400,12353.209
2024-08-30 12:18:07,ETHUSDT,bid,2430,8097.748
2024-08-30 12:18:40,ETHUSDT,bid,2400,12352.209
2024-08-30 12:19:18,ETHUSDT,bid,2400,12352.492
2024-08-30 12:19:33,ETHUSDT,bid,2400,12358.496
2024-08-30 12:20:09,ETHUSDT,bid,2400,12358.529
2024-08-30 12:20:36,ETHUSDT,bid,2400,12352.525
2024-08-30 12:20:54,ETHUSDT,bid,2400,12353.201
2024-08-30 12:20:57,ETHUSDT,bid,2440,9469.019
2024-08-30 12:21:27,ETHUSDT,bid,2400,12353.076
2024-08-30 12:21:47,ETHUSDT,bid,2450,5179.49
2024-08-30 12:22:27,ETHUSDT,bid,2400,12357.239
2024-08-30 12:23:23,ETHUSDT,bid,2450,5207.971
2024-08-30 12:23:26,ETHUSDT,bid,2450,5228.31
2024-08-30 12:23:27,ETHUSDT,bid,2450,5244.585
2024-08-30 12:23:27,ETHUSDT,bid,2450,5258.822
2024-08-30 12:25:24,ETHUSDT,bid,2030,4924.691
2024-08-30 12:25:31,ETHUSDT,bid,2400,12361.405
2024-08-30 12:26:31,ETHUSDT,bid,2400,12359.322
2024-08-30 12:26:49,ETHUSDT,bid,2430,8097.757
2024-08-30 12:27:35,ETHUSDT,bid,2400,12358.288
2024-08-30 12:28:11,ETHUSDT,bid,2400,12358.315
2024-08-30 12:28:23,ETHUSDT,bid,2450,5230.341
2024-08-30 12:28:27,ETHUSDT,bid,2450,5210.002
2024-08-30 12:28:28,ETHUSDT,bid,2450,5195.765
2024-08-30 12:28:28,ETHUSDT,bid,2450,5179.49
2024-08-30 12:28:42,ETHUSDT,bid,2430,8097.807
2024-08-30 12:29:43,ETHUSDT,bid,2450,5179.59
2024-08-30 12:29:44,ETHUSDT,bid,2400,12357.935
2024-08-30 12:30:37,ETHUSDT,bid,2400,12358.871
2024-08-30 12:31:03,ETHUSDT,bid,2430,8098.788
2024-08-30 12:31:26,ETHUSDT,bid,2140,4722.774
2024-08-30 12:31:28,ETHUSDT,bid,2430,8097.288
2024-08-30 12:31:29,ETHUSDT,bid,2400,12358.846
2024-08-30 12:31:52,ETHUSDT,bid,2400,12358.83
2024-08-30 12:31:52,ETHUSDT,bid,2440,9469.004
2024-08-30 12:32:16,ETHUSDT,bid,2450,5179.972
2024-08-30 12:33:02,ETHUSDT,bid,2400,12358.844
2024-08-30 12:33:51,ETHUSDT,bid,2400,12358.544
2024-08-30 12:34:01,ETHUSDT,bid,2420,6067.221
2024-08-30 12:34:01,ETHUSDT,bid,2400,12356.481
2024-08-30 12:34:01,ETHUSDT,bid,2420,6097.352
2024-08-30 12:34:01,ETHUSDT,bid,2420,6097.848
2024-08-30 12:35:50,ETHUSDT,bid,2430,8093.665
2024-08-30 12:35:51,ETHUSDT,bid,2140,4722.82
2024-08-30 12:36:00,ETHUSDT,bid,2420,6078.002
2024-08-30 12:36:00,ETHUSDT,bid,2420,5968.193
2024-08-30 12:36:00,ETHUSDT,bid,2420,5846.888
2024-08-30 12:36:01,ETHUSDT,bid,2400,11656.481
2024-08-30 12:36:21,ETHUSDT,bid,2400,11657.981
2024-08-30 12:36:51,ETHUSDT,bid,2400,11656.481
2024-08-30 12:37:11,ETHUSDT,bid,2400,11656.575
2024-08-30 12:39:14,ETHUSDT,bid,2400,11656.903
2024-08-30 12:39:37,ETHUSDT,bid,2380,10469.392
2024-08-30 12:41:38,ETHUSDT,bid,2400,11656.809
2024-08-30 12:42:39,ETHUSDT,bid,2360,10907.722
2024-08-30 12:42:51,ETHUSDT,bid,2350,13640.28
2024-08-30 12:43:07,ETHUSDT,bid,2400,11670.079
2024-08-30 12:43:17,ETHUSDT,bid,2400,11669.892
2024-08-30 12:43:28,ETHUSDT,bid,2400,11670.1
2024-08-30 12:44:40,ETHUSDT,bid,2400,11670.225
2024-08-30 12:44:58,ETHUSDT,bid,2400,11671.806
2024-08-30 12:45:00,ETHUSDT,bid,2400,11671.83
2024-08-30 12:45:00,ETHUSDT,bid,2430,8093.689
2024-08-30 12:45:00,ETHUSDT,bid,2440,9469.028
2024-08-30 12:45:00,ETHUSDT,bid,2450,5179.995
2024-08-30 12:45:47,ETHUSDT,bid,2400,11671.789
2024-08-30 12:46:38,ETHUSDT,bid,2400,11670.208
2024-08-30 12:47:22,ETHUSDT,bid,2400,11669.208
2024-08-30 12:49:40,ETHUSDT,bid,2400,11669.312
2024-08-30 12:49:45,ETHUSDT,bid,2400,11669.937
2024-08-30 12:50:07,ETHUSDT,bid,2420,5852.443
2024-08-30 12:50:39,ETHUSDT,bid,2400,11670.353
2024-08-30 12:53:04,ETHUSDT,bid,2450,5178.995
2024-08-30 12:54:16,ETHUSDT,bid,2450,5183.43
2024-08-30 12:54:28,ETHUSDT,bid,2400,11669.677
2024-08-30 12:54:29,ETHUSDT,bid,2420,5846.888
2024-08-30 12:54:34,ETHUSDT,bid,2400,11670.11
2024-08-30 12:56:51,ETHUSDT,bid,2430,8093.334
2024-08-30 12:57:57,ETHUSDT,bid,2400,11669.174
2024-08-30 12:59:09,ETHUSDT,bid,2450,5180.43
2024-08-30 12:59:43,ETHUSDT,bid,2400,11669.674
2024-08-30 13:00:18,ETHUSDT,bid,2400,11669.699
2024-08-30 13:01:02,ETHUSDT,bid,2400,11669.595
2024-08-30 13:01:19,ETHUSDT,bid,2400,11669.572
2024-08-30 13:01:20,ETHUSDT,bid,2450,5181.476
2024-08-30 13:01:51,ETHUSDT,bid,2440,9468.928
2024-08-30 13:01:55,ETHUSDT,bid,2450,5181.679
2024-08-30 13:02:16,ETHUSDT,bid,2430,8093.744
2024-08-30 13:02:26,ETHUSDT,bid,2400,11669.135
2024-08-30 13:02:51,ETHUSDT,bid,2400,11679.135
2024-08-30 13:03:09,ETHUSDT,bid,2420,5843.888
2024-08-30 13:03:27,ETHUSDT,bid,2450,5172.046
2024-08-30 13:03:48,ETHUSDT,bid,2400,11579.135
2024-08-30 13:04:06,ETHUSDT,bid,2400,11579.031
2024-08-30 13:04:13,ETHUSDT,bid,2430,8093.744
2024-08-30 13:04:42,ETHUSDT,bid,2400,11580.031
2024-08-30 13:04:54,ETHUSDT,bid,2400,11580.142
2024-08-30 13:05:07,ETHUSDT,bid,2400,11585.142
2024-08-30 13:05:49,ETHUSDT,bid,2400,11585.194
2024-08-30 13:05:52,ETHUSDT,bid,2400,11595.194
2024-08-30 13:06:02,ETHUSDT,bid,2400,11595.044
2024-08-30 13:06:21,ETHUSDT,bid,2400,11594.611
2024-08-30 13:06:29,ETHUSDT,bid,2400,11592.112
2024-08-30 13:07:20,ETHUSDT,bid,2380,10473.892
2024-08-30 13:08:03,ETHUSDT,bid,2400,11591.862
2024-08-30 13:08:18,ETHUSDT,bid,2420,5843.957
2024-08-30 13:08:35,ETHUSDT,bid,2400,11588.862
2024-08-30 13:09:36,ETHUSDT,bid,2400,11588.835
2024-08-30 13:11:02,ETHUSDT,bid,2400,11588.81
2024-08-30 13:11:45,ETHUSDT,bid,2400,11575.54
2024-08-30 13:14:31,ETHUSDT,bid,2420,5843.677
2024-08-30 13:17:01,ETHUSDT,bid,2450,5172.27
2024-08-30 13:17:13,ETHUSDT,bid,2400,11575.568
2024-08-30 13:18:51,ETHUSDT,bid,2400,11575.518
2024-08-30 13:19:04,ETHUSDT,bid,2430,8093.718
2024-08-30 13:19:23,ETHUSDT,bid,2400,11579.684
2024-08-30 13:19:24,ETHUSDT,bid,2400,11580.684
2024-08-30 13:19:33,ETHUSDT,bid,2400,11580.786
2024-08-30 13:19:33,ETHUSDT,bid,2440,9469.028
2024-08-30 13:19:36,ETHUSDT,bid,2400,11580.901
2024-08-30 13:21:12,ETHUSDT,bid,2400,11582.188
2024-08-30 13:21:45,ETHUSDT,bid,2400,11582.273
2024-08-30 13:21:59,ETHUSDT,bid,2400,11582.481
2024-08-30 13:22:14,ETHUSDT,bid,2400,11582.153
2024-08-30 13:23:05,ETHUSDT,bid,2350,13640.301
2024-08-30 13:23:05,ETHUSDT,bid,2450,5172.29
2024-08-30 13:23:12,ETHUSDT,bid,2400,11582.014
2024-08-30 13:23:35,ETHUSDT,bid,2430,8092.907
2024-08-30 13:24:21,ETHUSDT,bid,2420,5843.862
2024-08-30 13:24:22,ETHUSDT,bid,2400,11582.43
2024-08-30 13:24:35,ETHUSDT,bid,2400,11582.014
2024-08-30 13:25:05,ETHUSDT,bid,2450,5175.918
2024-08-30 13:25:24,ETHUSDT,bid,2400,11582.004
2024-08-30 13:25:35,ETHUSDT,bid,2400,11581.902
2024-08-30 13:25:35,ETHUSDT,bid,2440,9468.928
2024-08-30 13:25:53,ETHUSDT,bid,2140,4722.836
2024-08-30 13:25:53,ETHUSDT,bid,2400,11581.918
2024-08-30 13:27:39,ETHUSDT,bid,2440,9473.398
2024-08-30 13:27:43,ETHUSDT,bid,2400,11581.984
2024-08-30 13:28:01,ETHUSDT,bid,2360,10905.722
2024-08-30 13:28:18,ETHUSDT,bid,2400,11581.951
2024-08-30 13:29:07,ETHUSDT,bid,2440,9468.928
2024-08-30 13:29:15,ETHUSDT,bid,2400,11582.489
2024-08-30 13:30:27,ETHUSDT,bid,2400,11582.989
2024-08-30 13:31:27,ETHUSDT,bid,2400,11581.457
2024-08-30 13:32:15,ETHUSDT,bid,2400,11581.547
2024-08-30 13:33:15,ETHUSDT,bid,2400,11581.497
2024-08-30 13:33:29,ETHUSDT,bid,2430,8089.893
2024-08-30 13:33:53,ETHUSDT,bid,2400,11581.431
2024-08-30 13:33:55,ETHUSDT,bid,2400,11581.472
2024-08-30 13:33:57,ETHUSDT,bid,2380,10469.392
2024-08-30 13:34:06,ETHUSDT,bid,2400,11581.522
2024-08-30 13:34:12,ETHUSDT,bid,2420,5843.793
2024-08-30 13:34:42,ETHUSDT,bid,2400,11581.47
2024-08-30 13:34:43,ETHUSDT,bid,2140,4722.82
2024-08-30 13:34:43,ETHUSDT,bid,2400,11581.454
2024-08-30 13:36:12,ETHUSDT,bid,2400,11580.916
2024-08-30 13:38:38,ETHUSDT,bid,2400,11580.903
2024-08-30 13:38:45,ETHUSDT,bid,2400,11580.893
2024-08-30 13:38:52,ETHUSDT,bid,2400,11570.893
2024-08-30 13:39:07,ETHUSDT,bid,2400,11570.938
2024-08-30 13:39:21,ETHUSDT,bid,2400,11570.929
2024-08-30 13:41:41,ETHUSDT,bid,2430,8089.863
2024-08-30 13:42:23,ETHUSDT,bid,2400,11570.646
2024-08-30 13:42:24,ETHUSDT,bid,2400,11572.783
2024-08-30 13:42:48,ETHUSDT,bid,2400,11572.759
2024-08-30 13:42:48,ETHUSDT,bid,2430,8089.839
2024-08-30 13:42:48,ETHUSDT,bid,2440,9468.904
2024-08-30 13:42:48,ETHUSDT,bid,2450,5175.895
2024-08-30 13:42:55,ETHUSDT,bid,2450,5174.849
2024-08-30 13:43:02,ETHUSDT,bid,2430,8090.66
2024-08-30 13:44:53,ETHUSDT,bid,2400,11572.441
2024-08-30 13:46:24,ETHUSDT,bid,2400,11572.736
2024-08-30 13:49:01,ETHUSDT,bid,2430,8261.565
2024-08-30 13:49:01,ETHUSDT,bid,2430,8349.184
2024-08-30 13:49:01,ETHUSDT,bid,2430,8349.678
2024-08-30 13:50:07,ETHUSDT,bid,2420,5843.803
2024-08-30 13:50:08,ETHUSDT,bid,2420,5843.813
2024-08-30 13:50:09,ETHUSDT,bid,2420,5843.823
2024-08-30 13:50:44,ETHUSDT,bid,1700,6069.941
2024-08-30 13:50:44,ETHUSDT,bid,2400,11572.749
2024-08-30 13:50:53,ETHUSDT,bid,2420,5843.833
2024-08-30 13:51:01,ETHUSDT,bid,2420,5843.823
2024-08-30 13:51:49,ETHUSDT,bid,2400,11572.708
2024-08-30 13:51:52,ETHUSDT,bid,2400,11574.006
2024-08-30 13:52:00,ETHUSDT,bid,2430,8286.894
2024-08-30 13:52:00,ETHUSDT,bid,2430,8174.184
2024-08-30 13:52:00,ETHUSDT,bid,2430,8114.85
2024-08-30 13:52:00,ETHUSDT,bid,2430,8091.154
2024-08-30 13:52:00,ETHUSDT,bid,2430,8090.66
2024-08-30 13:53:09,ETHUSDT,bid,2450,5175.329
2024-08-30 13:55:07,ETHUSDT,bid,2450,5175.029
2024-08-30 13:55:08,ETHUSDT,bid,2400,11573.218
2024-08-30 13:56:04,ETHUSDT,bid,2400,11573.156
2024-08-30 13:56:37,ETHUSDT,bid,2420,5843.747
2024-08-30 13:56:47,ETHUSDT,bid,2400,11573.166
2024-08-30 13:56:57,ETHUSDT,bid,2400,11573.156
2024-08-30 13:58:28,ETHUSDT,bid,2450,5174.549
2024-08-30 14:00:45,ETHUSDT,bid,2400,11572.74
2024-08-30 14:01:00,ETHUSDT,bid,2400,11573.155
2024-08-30 14:01:47,ETHUSDT,bid,2440,9469.721
2024-08-30 14:02:07,ETHUSDT,bid,2290,4447.528
2024-08-30 14:02:09,ETHUSDT,bid,2400,11573.186
2024-08-30 14:02:11,ETHUSDT,bid,2400,11573.335
2024-08-30 14:02:37,ETHUSDT,bid,2400,11573.227
2024-08-30 14:02:37,ETHUSDT,bid,2400,11572.227
2024-08-30 14:02:39,ETHUSDT,bid,2400,11567.227
2024-08-30 14:02:46,ETHUSDT,bid,2400,11567.643
2024-08-30 14:03:05,ETHUSDT,bid,2350,13640.362
2024-08-30 14:03:43,ETHUSDT,bid,2400,11567.612
2024-08-30 14:03:48,ETHUSDT,bid,2400,11567.592
2024-08-30 14:03:57,ETHUSDT,bid,2360,10916.066
2024-08-30 14:04:06,ETHUSDT,bid,2350,13640.485
2024-08-30 14:06:38,ETHUSDT,bid,2400,11567.572
2024-08-30 14:07:22,ETHUSDT,bid,2400,11567.589
2024-08-30 14:09:18,ETHUSDT,bid,2450,5174.459
2024-08-30 14:11:30,ETHUSDT,bid,2430,8091.087
2024-08-30 14:11:55,ETHUSDT,bid,2430,8090.66
2024-08-30 14:12:06,ETHUSDT,bid,2430,8090.802
2024-08-30 14:12:22,ETHUSDT,bid,2400,11567.173
2024-08-30 14:14:43,ETHUSDT,bid,2400,11567.127
2024-08-30 14:15:38,ETHUSDT,bid,2400,11547.623
2024-08-30 14:16:27,ETHUSDT,bid,2450,5176.461
2024-08-30 14:16:43,ETHUSDT,bid,2450,5174.459
2024-08-30 14:17:40,ETHUSDT,bid,2400,11547.423
2024-08-30 14:20:32,ETHUSDT,bid,2400,11547.496
2024-08-30 14:20:46,ETHUSDT,bid,2400,11547.508
2024-08-30 14:20:56,ETHUSDT,bid,2400,11547.497
2024-08-30 14:22:02,ETHUSDT,bid,2400,11546.821
2024-08-30 14:23:23,ETHUSDT,bid,2400,11544.321
2024-08-30 14:24:10,ETHUSDT,bid,2360,10916.077
2024-08-30 14:25:08,ETHUSDT,bid,2440,9469.721
2024-08-30 14:25:23,ETHUSDT,bid,2400,11544.309
2024-08-30 14:25:36,ETHUSDT,bid,2400,11544.85
2024-08-30 14:26:41,ETHUSDT,bid,2400,11544.767
2024-08-30 14:26:50,ETHUSDT,bid,2400,11545.067
2024-08-30 14:26:53,ETHUSDT,bid,2400,11544.567
2024-08-30 14:27:47,ETHUSDT,bid,2400,11545.567
2024-08-30 14:28:07,ETHUSDT,bid,2200,5069.798
2024-08-30 14:28:17,ETHUSDT,bid,2400,11546.129
2024-08-30 14:28:34,ETHUSDT,bid,2450,5177.459
2024-08-30 14:28:35,ETHUSDT,bid,2450,5177.409
2024-08-30 14:28:43,ETHUSDT,bid,2450,5177.417
2024-08-30 14:29:36,ETHUSDT,bid,2400,11546.092
2024-08-30 14:31:33,ETHUSDT,bid,2400,11546.114
2024-08-30 14:31:59,ETHUSDT,bid,2290,4472.528
2024-08-30 14:32:21,ETHUSDT,bid,2430,8090.966
2024-08-30 14:32:40,ETHUSDT,bid,2400,11545.849
2024-08-30 14:33:16,ETHUSDT,bid,2430,8090.803
2024-08-30 14:33:56,ETHUSDT,bid,2400,11545.139
2024-08-30 14:36:44,ETHUSDT,bid,2400,11545.155
2024-08-30 14:36:57,ETHUSDT,bid,2440,9470.121
2024-08-30 14:37:10,ETHUSDT,bid,2440,9469.821
2024-08-30 14:39:44,ETHUSDT,bid,2440,9467.404
2024-08-30 14:39:48,ETHUSDT,bid,2400,11545.146
2024-08-30 14:42:52,ETHUSDT,bid,2400,11539.938
2024-08-30 14:42:55,ETHUSDT,bid,2440,9467.444
2024-08-30 14:43:03,ETHUSDT,bid,2450,5177.457
2024-08-30 14:43:10,ETHUSDT,bid,2400,11539.507
2024-08-30 14:44:57,ETHUSDT,bid,2400,11538.507
2024-08-30 14:45:00,ETHUSDT,bid,2430,8091.433
2024-08-30 14:45:17,ETHUSDT,bid,2400,11539.325
2024-08-30 14:46:05,ETHUSDT,bid,2400,11539.312
2024-08-30 14:47:17,ETHUSDT,bid,2400,11539.292
2024-08-30 14:48:01,ETHUSDT,bid,2400,11537.994
2024-08-30 14:55:48,ETHUSDT,bid,2450,5179.815
2024-08-30 14:56:26,ETHUSDT,bid,2140,4722.781
2024-08-30 14:56:28,ETHUSDT,bid,2400,11538.144
2024-08-30 14:57:23,ETHUSDT,bid,2450,5179.915
2024-08-30 14:59:19,ETHUSDT,bid,2360,10915.908
2024-08-30 14:59:19,ETHUSDT,bid,2450,5179.746
2024-08-30 14:59:51,ETHUSDT,bid,2360,10985.908
2024-08-30 15:00:03,ETHUSDT,bid,2430,8090.803
2024-08-30 15:00:05,ETHUSDT,bid,2360,10986.58
2024-08-30 15:01:39,ETHUSDT,bid,2450,5179.624
2024-08-30 15:01:53,ETHUSDT,bid,2430,4462.596
2024-08-30 15:02:05,ETHUSDT,bid,2400,11538.153
2024-08-30 15:02:20,ETHUSDT,bid,2400,11537.591
2024-08-30 15:02:21,ETHUSDT,bid,2430,4231.324
2024-08-30 15:02:22,ETHUSDT,bid,2430,4462.703
2024-08-30 15:02:48,ETHUSDT,bid,2450,5179.524
2024-08-30 15:03:05,ETHUSDT,bid,2400,11537.441
2024-08-30 15:03:23,ETHUSDT,bid,2420,4136.949
2024-08-30 15:04:21,ETHUSDT,bid,2360,10916.58
2024-08-30 15:05:00,ETHUSDT,bid,2400,11537.025
2024-08-30 15:05:02,ETHUSDT,bid,2360,10915.908
2024-08-30 15:05:29,ETHUSDT,bid,2400,11536.875
2024-08-30 15:05:44,ETHUSDT,bid,2450,5179.516
2024-08-30 15:06:08,ETHUSDT,bid,2450,5179.416
2024-08-30 15:06:49,ETHUSDT,bid,2450,5179.424
2024-08-30 15:07:11,ETHUSDT,bid,2430,4231.324
2024-08-30 15:07:12,ETHUSDT,bid,2430,4462.81
2024-08-30 15:07:43,ETHUSDT,bid,2400,11537.223
2024-08-30 15:08:02,ETHUSDT,bid,2450,5180.363
2024-08-30 15:08:07,ETHUSDT,bid,2400,11537.153
2024-08-30 15:08:07,ETHUSDT,bid,2400,11536.805
2024-08-30 15:09:09,ETHUSDT,bid,2140,4722.751
2024-08-30 15:10:04,ETHUSDT,bid,2430,4468.81
2024-08-30 15:10:34,ETHUSDT,bid,2450,5180.355
2024-08-30 15:11:48,ETHUSDT,bid,2400,11537.079
2024-08-30 15:12:02,ETHUSDT,bid,2430,4237.324
2024-08-30 15:12:04,ETHUSDT,bid,2430,4468.918
2024-08-30 15:12:08,ETHUSDT,bid,2430,8091.103
2024-08-30 15:13:54,ETHUSDT,bid,2400,11537.07
2024-08-30 15:16:18,ETHUSDT,bid,2400,11536.862
2024-08-30 15:16:48,ETHUSDT,bid,2430,4237.324
2024-08-30 15:16:49,ETHUSDT,bid,2430,4469.029
2024-08-30 15:20:16,ETHUSDT,bid,2400,11536.567
2024-08-30 15:20:42,ETHUSDT,bid,2420,4137.149
2024-08-30 15:21:40,ETHUSDT,bid,2430,4237.324
2024-08-30 15:21:41,ETHUSDT,bid,2430,4469.147
2024-08-30 15:22:37,ETHUSDT,bid,2400,11536.895
2024-08-30 15:23:22,ETHUSDT,bid,2400,11536.906
2024-08-30 15:23:49,ETHUSDT,bid,2400,11536.895
2024-08-30 15:25:02,ETHUSDT,bid,2430,4468.815
2024-08-30 15:26:32,ETHUSDT,bid,2430,4236.992
2024-08-30 15:26:34,ETHUSDT,bid,2430,4468.941
2024-08-30 15:29:18,ETHUSDT,bid,2420,5843.757
2024-08-30 15:29:26,ETHUSDT,bid,2420,5843.747
2024-08-30 15:29:42,ETHUSDT,bid,2420,4137.159
2024-08-30 15:29:50,ETHUSDT,bid,2420,4137.149
2024-08-30 15:30:21,ETHUSDT,bid,2430,8090.303
2024-08-30 15:31:22,ETHUSDT,bid,2430,4236.992
2024-08-30 15:31:23,ETHUSDT,bid,2430,4469.069
2024-08-30 15:32:30,ETHUSDT,bid,2420,5843.757
2024-08-30 15:32:34,ETHUSDT,bid,2400,11536.744
2024-08-30 15:32:38,ETHUSDT,bid,2420,5843.747
2024-08-30 15:35:38,ETHUSDT,bid,2400,11536.806
2024-08-30 15:36:16,ETHUSDT,bid,2430,4236.992
2024-08-30 15:36:17,ETHUSDT,bid,2430,4469.191
2024-08-30 15:36:47,ETHUSDT,bid,2400,11476.018
2024-08-30 15:37:24,ETHUSDT,bid,2400,11477.207
2024-08-30 15:37:35,ETHUSDT,bid,2400,11476.018
2024-08-30 15:37:39,ETHUSDT,bid,2400,11476.032
2024-08-30 15:38:40,ETHUSDT,bid,2400,11476.018
2024-08-30 15:39:31,ETHUSDT,bid,1940,5177.901
2024-08-30 15:39:37,ETHUSDT,bid,1940,5167.901
2024-08-30 15:39:57,ETHUSDT,bid,2430,8089.813
2024-08-30 15:40:10,ETHUSDT,bid,2420,5843.572
2024-08-30 15:40:14,ETHUSDT,bid,2400,11476.11
2024-08-30 15:40:14,ETHUSDT,bid,2400,11475.945
2024-08-30 15:41:00,ETHUSDT,bid,2430,4236.992
2024-08-30 15:41:01,ETHUSDT,bid,2430,4469.296
2024-08-30 15:41:38,ETHUSDT,bid,2380,10470.616
2024-08-30 15:41:51,ETHUSDT,bid,2400,11476.208
2024-08-30 15:42:06,ETHUSDT,bid,2400,11476.116
2024-08-30 15:42:14,ETHUSDT,bid,2400,11476.13
2024-08-30 15:42:18,ETHUSDT,ask,2990,3454.504
2024-08-30 15:43:09,ETHUSDT,bid,2400,11476.4
2024-08-30 15:43:37,ETHUSDT,bid,2440,9469.683
2024-08-30 15:45:17,ETHUSDT,bid,2420,5844.499
2024-08-30 15:45:51,ETHUSDT,bid,2250,4488.707
2024-08-30 15:45:59,ETHUSDT,bid,2430,4236.992
2024-08-30 15:46:00,ETHUSDT,bid,2430,4469.407
2024-08-30 15:46:18,ETHUSDT,bid,2450,5177.355
2024-08-30 15:46:25,ETHUSDT,bid,1940,5147.901
2024-08-30 15:46:46,ETHUSDT,bid,2140,4723.751
2024-08-30 15:46:46,ETHUSDT,bid,2400,11476.373
2024-08-30 15:47:02,ETHUSDT,bid,2420,5844.489
2024-08-30 15:47:04,ETHUSDT,bid,2440,9471.318
2024-08-30 15:47:27,ETHUSDT,bid,2420,5844.479
2024-08-30 15:47:57,ETHUSDT,bid,2420,5844.469
2024-08-30 15:48:30,ETHUSDT,bid,2400,11476.382
2024-08-30 15:50:31,ETHUSDT,bid,2420,5843.542
2024-08-30 15:50:34,ETHUSDT,bid,2400,11476.396
2024-08-30 15:50:42,ETHUSDT,bid,2430,4236.992
2024-08-30 15:50:43,ETHUSDT,bid,2430,4469.517
2024-08-30 15:50:43,ETHUSDT,bid,2380,10470.491
2024-08-30 15:51:58,ETHUSDT,bid,2430,4463.517
2024-08-30 15:52:26,ETHUSDT,bid,2420,4137.049
2024-08-30 15:52:49,ETHUSDT,bid,2400,11478.525
2024-08-30 15:53:02,ETHUSDT,bid,2400,11478.711
2024-08-30 15:53:06,ETHUSDT,bid,2440,9472.318
2024-08-30 15:53:34,ETHUSDT,bid,2440,9480.497
2024-08-30 15:53:39,ETHUSDT,bid,2400,11476.628
2024-08-30 15:53:44,ETHUSDT,bid,2450,5177.855
2024-08-30 15:55:31,ETHUSDT,bid,2400,11476.171
2024-08-30 15:55:32,ETHUSDT,bid,2430,4230.992
2024-08-30 15:55:34,ETHUSDT,bid,2400,11476.371
2024-08-30 15:56:40,ETHUSDT,bid,2400,11475.955
2024-08-30 15:57:17,ETHUSDT,bid,2440,9480.899
2024-08-30 15:58:47,ETHUSDT,bid,2400,11474.955
2024-08-30 15:59:12,ETHUSDT,bid,2400,11474.663
2024-08-30 16:00:27,ETHUSDT,bid,2420,4136.749
2024-08-30 16:00:36,ETHUSDT,bid,2400,11474.18
2024-08-30 16:00:36,ETHUSDT,bid,2430,8089.33
2024-08-30 16:00:36,ETHUSDT,bid,2440,9480.416
2024-08-30 16:00:36,ETHUSDT,bid,2450,5177.372
2024-08-30 16:01:18,ETHUSDT,bid,2400,11473.982
2024-08-30 16:01:59,ETHUSDT,bid,2400,11473.395
2024-08-30 16:02:28,ETHUSDT,bid,2400,11473.381
2024-08-30 16:03:00,ETHUSDT,bid,2440,9480.014
2024-08-30 16:04:53,ETHUSDT,bid,2450,5178.165
2024-08-30 16:04:58,ETHUSDT,bid,2400,11473.406
2024-08-30 16:05:17,ETHUSDT,bid,2450,5177.372
2024-08-30 16:05:58,ETHUSDT,bid,2400,11473.415
2024-08-30 16:08:18,ETHUSDT,bid,2420,5843.736
2024-08-30 16:08:40,ETHUSDT,bid,2440,9480.046
2024-08-30 16:08:40,ETHUSDT,bid,2440,9480.014
2024-08-30 16:08:56,ETHUSDT,bid,2400,11473.429
2024-08-30 16:09:23,ETHUSDT,bid,2400,11472.142
2024-08-30 16:09:50,ETHUSDT,bid,2400,11472.181
2024-08-30 16:10:09,ETHUSDT,bid,2400,11466.162
2024-08-30 16:10:28,ETHUSDT,bid,2200,5076.361
2024-08-30 16:10:32,ETHUSDT,bid,2400,11466.148
2024-08-30 16:11:05,ETHUSDT,bid,2400,11466.162
2024-08-30 16:14:42,ETHUSDT,bid,2440,9480.014
2024-08-30 16:14:56,ETHUSDT,bid,2450,5178.267
2024-08-30 16:20:39,ETHUSDT,bid,2400,11465.91
2024-08-30 16:20:54,ETHUSDT,bid,2400,11465.896
2024-08-30 16:20:59,ETHUSDT,bid,2290,4469.256
2024-08-30 16:21:06,ETHUSDT,bid,2400,11465.91
2024-08-30 16:21:29,ETHUSDT,bid,2380,10470.91
2024-08-30 16:21:30,ETHUSDT,bid,2380,10470.491
2024-08-30 16:21:32,ETHUSDT,bid,2420,4137.161
2024-08-30 16:21:33,ETHUSDT,bid,2420,4136.749
2024-08-30 16:21:38,ETHUSDT,bid,2360,10916.33
2024-08-30 16:21:39,ETHUSDT,bid,2350,13640.909
2024-08-30 16:21:39,ETHUSDT,bid,2290,4472.427
2024-08-30 16:21:44,ETHUSDT,bid,2350,13640.485
2024-08-30 16:21:44,ETHUSDT,bid,2360,10915.908
2024-08-30 16:21:45,ETHUSDT,bid,2400,11465.848
2024-08-30 16:21:51,ETHUSDT,bid,2290,4472.863
2024-08-30 16:21:52,ETHUSDT,bid,2290,4473.299
2024-08-30 16:21:53,ETHUSDT,bid,2290,4472.427
2024-08-30 16:22:04,ETHUSDT,bid,2440,9477.775
2024-08-30 16:22:25,ETHUSDT,bid,2400,11465.03
2024-08-30 16:22:27,ETHUSDT,bid,2430,8089.03
2024-08-30 16:23:25,ETHUSDT,bid,2430,8089.044
2024-08-30 16:23:34,ETHUSDT,bid,2430,4228.992
2024-08-30 16:23:53,ETHUSDT,bid,2400,11465.069
2024-08-30 16:23:57,ETHUSDT,bid,2400,11465.117
2024-08-30 16:23:59,ETHUSDT,bid,2450,5178.187
2024-08-30 16:24:15,ETHUSDT,bid,2450,5177.292
2024-08-30 16:24:19,ETHUSDT,bid,2400,11465.103
2024-08-30 16:24:30,ETHUSDT,bid,2400,11465.117
2024-08-30 16:24:53,ETHUSDT,bid,2400,11465.329
2024-08-30 16:24:55,ETHUSDT,bid,2400,11465.315
2024-08-30 16:25:10,ETHUSDT,bid,2400,11465.329
2024-08-30 16:26:14,ETHUSDT,bid,2400,11465.829
2024-08-30 16:26:34,ETHUSDT,bid,2420,5843.542
2024-08-30 16:26:59,ETHUSDT,bid,2400,11465.733
2024-08-30 16:26:59,ETHUSDT,bid,2430,8088.948
2024-08-30 16:26:59,ETHUSDT,bid,2440,9477.679
2024-08-30 16:26:59,ETHUSDT,bid,2450,5177.196
2024-08-30 16:27:07,ETHUSDT,bid,2400,11465.685
2024-08-30 16:27:09,ETHUSDT,bid,2400,11465.646
2024-08-30 16:28:01,ETHUSDT,bid,2440,9511.853
2024-08-30 16:28:01,ETHUSDT,bid,2440,9569.619
2024-08-30 16:28:01,ETHUSDT,bid,2440,9606.412
2024-08-30 16:28:01,ETHUSDT,bid,2440,9606.658
2024-08-30 16:29:00,ETHUSDT,bid,2440,9604.692
2024-08-30 16:29:00,ETHUSDT,bid,2440,9602.732
2024-08-30 16:29:16,ETHUSDT,bid,2400,11465.632
2024-08-30 16:29:36,ETHUSDT,bid,2400,11467.778
2024-08-30 16:29:42,ETHUSDT,bid,2400,11467.792
2024-08-30 16:30:00,ETHUSDT,bid,2440,9598.104
2024-08-30 16:31:00,ETHUSDT,bid,2440,9568.558
2024-08-30 16:31:00,ETHUSDT,bid,2440,9549.143
2024-08-30 16:31:00,ETHUSDT,bid,2440,9497.917
2024-08-30 16:31:00,ETHUSDT,bid,2440,9477.925
2024-08-30 16:31:00,ETHUSDT,bid,2440,9477.679
2024-08-30 16:31:26,ETHUSDT,bid,2400,11467.778
2024-08-30 16:31:44,ETHUSDT,bid,2400,11467.792
2024-08-30 16:31:55,ETHUSDT,bid,2400,11467.849
2024-08-30 16:32:13,ETHUSDT,bid,2400,11467.838
2024-08-30 16:32:35,ETHUSDT,bid,2290,4472.465
2024-08-30 16:32:35,ETHUSDT,bid,2400,11467.874
2024-08-30 16:33:22,ETHUSDT,bid,2400,11467.86
2024-08-30 16:33:40,ETHUSDT,bid,2400,11467.874
2024-08-30 16:35:03,ETHUSDT,bid,2400,11468.086
2024-08-30 16:35:57,ETHUSDT,bid,2400,11467.833
2024-08-30 16:36:21,ETHUSDT,bid,2070,4821.171
2024-08-30 16:36:21,ETHUSDT,bid,2290,4472.505
2024-08-30 16:36:21,ETHUSDT,bid,2400,11467.873
2024-08-30 16:36:26,ETHUSDT,bid,2400,11470.217
2024-08-30 16:36:42,ETHUSDT,bid,2400,11470.238
2024-08-30 16:37:06,ETHUSDT,bid,2400,11470.386
2024-08-30 16:37:13,ETHUSDT,bid,2400,11469.136
2024-08-30 16:38:09,ETHUSDT,bid,2400,11469.122
2024-08-30 16:38:27,ETHUSDT,bid,2400,11469.136
2024-08-30 16:39:08,ETHUSDT,bid,2400,11473.433
2024-08-30 16:39:46,ETHUSDT,bid,2400,11443.375
2024-08-30 16:41:34,ETHUSDT,bid,2400,11441.031
2024-08-30 16:41:58,ETHUSDT,bid,2400,11441.017
2024-08-30 16:42:11,ETHUSDT,bid,2400,11441.031
2024-08-30 16:42:30,ETHUSDT,bid,2420,4136.79
2024-08-30 16:42:30,ETHUSDT,bid,2420,4136.749
2024-08-30 16:43:05,ETHUSDT,bid,2380,10470.473
2024-08-30 16:43:46,ETHUSDT,bid,2400,11441.017
2024-08-30 16:44:01,ETHUSDT,bid,2400,11439.017
2024-08-30 16:45:03,ETHUSDT,bid,2400,11439.517
2024-08-30 16:45:14,ETHUSDT,bid,2400,11440.017
2024-08-30 16:46:14,ETHUSDT,bid,2420,5843.552
2024-08-30 16:46:22,ETHUSDT,bid,2420,5843.542
2024-08-30 16:47:18,ETHUSDT,bid,2420,5843.552
2024-08-30 16:47:26,ETHUSDT,bid,2420,5843.542
2024-08-30 16:47:52,ETHUSDT,bid,2420,4136.682
2024-08-30 16:48:00,ETHUSDT,bid,2400,11440.031
2024-08-30 16:48:51,ETHUSDT,bid,1960,5205.299
2024-08-30 16:51:02,ETHUSDT,bid,2350,13640.624
2024-08-30 16:51:41,ETHUSDT,bid,2350,13641.897
2024-08-30 16:51:45,ETHUSDT,bid,2430,8087.948
2024-08-30 16:52:12,ETHUSDT,bid,2360,10915.611
2024-08-30 16:52:26,ETHUSDT,bid,2440,9477.669
2024-08-30 16:52:36,ETHUSDT,bid,2400,11439.798
2024-08-30 16:54:08,ETHUSDT,bid,2450,5176.196
2024-08-30 16:56:54,ETHUSDT,bid,2400,11439.831
2024-08-30 16:56:56,ETHUSDT,bid,2400,11439.79
2024-08-30 16:56:59,ETHUSDT,bid,2400,11438.79
2024-08-30 16:57:12,ETHUSDT,bid,2400,11439.79
2024-08-30 16:58:55,ETHUSDT,bid,2420,5843.792
