2024-08-21 07:00:31,SOLUSDT,bid,141,68159.0
2024-08-21 07:00:31,SOLUSDT,bid,141,68159.0
2024-08-21 07:00:32,SOLUSDT,bid,141,68146.0
2024-08-21 07:00:47,SOLUSDT,bid,141,68147.0
2024-08-21 07:01:52,SOLUSDT,bid,141,68146.0
2024-08-21 07:02:29,SOLUSDT,bid,141,68260.0
2024-08-21 07:03:04,SOLUSDT,bid,141,68146.0
2024-08-21 07:16:45,SOLUSDT,bid,141,68148.0
2024-08-21 07:18:28,SOLUSDT,bid,141,68146.0
2024-08-21 07:24:55,SOLUSDT,bid,142,65675.0
2024-08-21 07:25:01,SOLUSDT,bid,142,65498.0
2024-08-21 07:25:02,SOLUSDT,bid,142,65428.0
2024-08-21 07:25:20,SOLUSDT,bid,142,43632.0
2024-08-21 07:25:31,SOLUSDT,bid,142,43630.0
2024-08-21 07:33:10,SOLUSDT,bid,141,67843.0
2024-08-21 07:33:11,SOLUSDT,bid,141,67843.0
2024-08-21 07:33:12,SOLUSDT,bid,141,68089.0
2024-08-21 07:33:12,SOLUSDT,bid,141,67843.0
2024-08-21 07:33:15,SOLUSDT,bid,141,68182.0
2024-08-21 07:33:17,SOLUSDT,bid,141,68189.0
2024-08-21 07:33:17,SOLUSDT,bid,141,68182.0
2024-08-21 07:33:25,SOLUSDT,bid,141,68305.0
2024-08-21 07:33:26,SOLUSDT,bid,141,68182.0
2024-08-21 07:33:26,SOLUSDT,bid,141,68305.0
2024-08-21 07:33:26,SOLUSDT,bid,141,68182.0
2024-08-21 07:33:26,SOLUSDT,bid,141,68202.0
2024-08-21 07:33:27,SOLUSDT,bid,141,68199.0
2024-08-21 07:33:27,SOLUSDT,bid,141,68192.0
2024-08-21 07:33:36,SOLUSDT,bid,141,67853.0
2024-08-21 07:33:36,SOLUSDT,bid,141,67846.0
2024-08-21 07:33:43,SOLUSDT,bid,141,62147.0
2024-08-21 07:33:43,SOLUSDT,bid,141,62107.0
2024-08-21 07:33:44,SOLUSDT,bid,141,62106.0
2024-08-21 07:33:45,SOLUSDT,bid,141,62105.0
2024-08-21 07:33:46,SOLUSDT,bid,141,62036.0
2024-08-21 07:33:49,SOLUSDT,bid,141,62007.0
2024-08-21 07:33:49,SOLUSDT,bid,141,61989.0
2024-08-21 07:33:50,SOLUSDT,bid,141,61990.0
2024-08-21 07:33:50,SOLUSDT,bid,141,61989.0
2024-08-21 07:33:52,SOLUSDT,bid,141,62004.0
2024-08-21 07:33:54,SOLUSDT,bid,141,61989.0
2024-08-21 07:33:54,SOLUSDT,bid,141,61961.0
2024-08-21 07:34:00,SOLUSDT,bid,141,62101.0
2024-08-21 07:34:00,SOLUSDT,bid,141,61961.0
2024-08-21 07:34:00,SOLUSDT,bid,141,62066.0
2024-08-21 07:34:00,SOLUSDT,bid,141,61961.0
2024-08-21 07:34:01,SOLUSDT,bid,141,61971.0
2024-08-21 07:34:05,SOLUSDT,bid,141,61961.0
2024-08-21 07:34:18,SOLUSDT,bid,141,61966.0
2024-08-21 07:34:19,SOLUSDT,bid,141,61976.0
2024-08-21 07:34:19,SOLUSDT,bid,141,61977.0
2024-08-21 07:34:20,SOLUSDT,bid,141,61971.0
2024-08-21 07:34:22,SOLUSDT,bid,141,62006.0
2024-08-21 07:34:24,SOLUSDT,bid,141,61971.0
2024-08-21 07:34:24,SOLUSDT,bid,141,61971.0
2024-08-21 07:34:26,SOLUSDT,bid,141,62076.0
2024-08-21 07:34:27,SOLUSDT,bid,141,61971.0
2024-08-21 07:34:27,SOLUSDT,bid,141,62074.0
2024-08-21 07:34:28,SOLUSDT,bid,141,62074.0
2024-08-21 07:34:28,SOLUSDT,bid,141,61971.0
2024-08-21 07:34:29,SOLUSDT,bid,141,61973.0
2024-08-21 07:34:29,SOLUSDT,bid,141,61973.0
2024-08-21 07:34:29,SOLUSDT,bid,141,62076.0
2024-08-21 07:34:30,SOLUSDT,bid,141,61971.0
2024-08-21 07:34:51,SOLUSDT,bid,141,59632.0
2024-08-21 07:34:54,SOLUSDT,bid,141,59632.0
2024-08-21 07:34:58,SOLUSDT,bid,141,59635.0
2024-08-21 07:35:01,SOLUSDT,bid,141,59881.0
2024-08-21 07:35:01,SOLUSDT,bid,141,59635.0
2024-08-21 07:35:02,SOLUSDT,bid,141,59637.0
2024-08-21 07:35:02,SOLUSDT,bid,141,59634.0
2024-08-21 07:35:02,SOLUSDT,bid,141,59707.0
2024-08-21 07:35:03,SOLUSDT,bid,141,59633.0
2024-08-21 07:35:03,SOLUSDT,bid,141,59640.0
2024-08-21 07:35:03,SOLUSDT,bid,141,59633.0
2024-08-21 07:35:05,SOLUSDT,bid,141,59632.0
2024-08-21 07:35:10,SOLUSDT,bid,141,59632.0
2024-08-21 07:35:15,SOLUSDT,bid,141,59636.0
2024-08-21 07:35:17,SOLUSDT,bid,141,60128.0
2024-08-21 07:35:18,SOLUSDT,bid,141,59636.0
2024-08-21 07:35:26,SOLUSDT,bid,141,60379.0
2024-08-21 07:35:26,SOLUSDT,bid,141,60379.0
2024-08-21 07:35:26,SOLUSDT,bid,141,59636.0
2024-08-21 07:35:30,SOLUSDT,bid,141,59636.0
2024-08-21 07:35:32,SOLUSDT,bid,141,60486.0
2024-08-21 07:35:32,SOLUSDT,bid,141,59636.0
2024-08-21 07:35:45,SOLUSDT,bid,141,59636.0
2024-08-21 07:35:45,SOLUSDT,bid,141,59882.0
2024-08-21 07:35:47,SOLUSDT,bid,141,59636.0
2024-08-21 07:35:58,SOLUSDT,bid,141,59639.0
2024-08-21 07:35:59,SOLUSDT,bid,141,59636.0
2024-08-21 07:36:00,SOLUSDT,bid,141,59636.0
2024-08-21 07:36:01,SOLUSDT,bid,141,59759.0
2024-08-21 07:36:01,SOLUSDT,bid,141,59636.0
2024-08-21 07:36:05,SOLUSDT,bid,141,59643.0
2024-08-21 07:36:06,SOLUSDT,bid,141,59636.0
2024-08-21 07:36:17,SOLUSDT,bid,141,59636.0
2024-08-21 07:36:25,SOLUSDT,bid,141,59651.0
2024-08-21 07:36:28,SOLUSDT,bid,141,59636.0
2024-08-21 07:36:28,SOLUSDT,bid,141,59663.0
2024-08-21 07:36:38,SOLUSDT,bid,141,59863.0
2024-08-21 07:36:42,SOLUSDT,bid,141,59663.0
2024-08-21 07:36:52,SOLUSDT,bid,141,59668.0
2024-08-21 07:37:19,SOLUSDT,bid,141,59668.0
2024-08-21 07:37:36,SOLUSDT,bid,141,59668.0
2024-08-21 07:37:36,SOLUSDT,bid,141,59668.0
2024-08-21 07:37:41,SOLUSDT,bid,141,59674.0
2024-08-21 07:37:50,SOLUSDT,bid,141,59668.0
2024-08-21 07:37:56,SOLUSDT,bid,141,59683.0
2024-08-21 07:37:59,SOLUSDT,bid,141,59679.0
2024-08-21 07:38:01,SOLUSDT,bid,141,59664.0
2024-08-21 07:38:29,SOLUSDT,bid,141,59977.0
2024-08-21 07:38:32,SOLUSDT,bid,141,59977.0
2024-08-21 07:38:34,SOLUSDT,bid,141,59664.0
2024-08-21 07:38:37,SOLUSDT,bid,141,59678.0
2024-08-21 07:38:40,SOLUSDT,bid,141,59664.0
2024-08-21 07:39:00,SOLUSDT,bid,141,59728.0
2024-08-21 07:39:01,SOLUSDT,bid,141,59768.0
2024-08-21 07:39:01,SOLUSDT,bid,141,59768.0
2024-08-21 07:39:01,SOLUSDT,bid,141,59775.0
2024-08-21 07:39:01,SOLUSDT,bid,141,59891.0
2024-08-21 07:39:02,SOLUSDT,bid,141,60014.0
2024-08-21 07:39:02,SOLUSDT,bid,141,59768.0
2024-08-21 07:39:06,SOLUSDT,bid,141,59726.0
2024-08-21 07:39:08,SOLUSDT,bid,141,59931.0
2024-08-21 07:39:09,SOLUSDT,bid,141,59926.0
2024-08-21 07:39:09,SOLUSDT,bid,141,59680.0
2024-08-21 07:39:11,SOLUSDT,bid,141,59681.0
2024-08-21 07:39:30,SOLUSDT,bid,141,59680.0
2024-08-21 07:40:00,SOLUSDT,bid,141,59647.0
2024-08-21 07:40:13,SOLUSDT,bid,141,62884.0
2024-08-21 07:40:37,SOLUSDT,bid,141,62885.0
2024-08-21 07:41:04,SOLUSDT,bid,141,62887.0
2024-08-21 07:41:11,SOLUSDT,bid,141,62887.0
2024-08-21 07:41:11,SOLUSDT,bid,141,62885.0
2024-08-21 07:41:23,SOLUSDT,bid,141,62885.0
2024-08-21 07:41:23,SOLUSDT,bid,141,62892.0
2024-08-21 07:41:24,SOLUSDT,bid,141,62885.0
2024-08-21 07:41:28,SOLUSDT,bid,141,62892.0
2024-08-21 07:41:29,SOLUSDT,bid,141,62885.0
2024-08-21 07:41:31,SOLUSDT,bid,141,62886.0
2024-08-21 07:41:31,SOLUSDT,bid,141,62885.0
2024-08-21 07:41:51,SOLUSDT,bid,141,62889.0
2024-08-21 07:42:00,SOLUSDT,bid,141,62885.0
2024-08-21 07:42:11,SOLUSDT,bid,141,62898.0
2024-08-21 07:42:12,SOLUSDT,bid,141,62885.0
2024-08-21 07:42:22,SOLUSDT,bid,141,62885.0
2024-08-21 07:42:28,SOLUSDT,bid,141,62898.0
2024-08-21 07:42:29,SOLUSDT,bid,141,62885.0
2024-08-21 07:42:34,SOLUSDT,bid,141,62884.0
2024-08-21 07:42:45,SOLUSDT,bid,141,62897.0
2024-08-21 07:42:45,SOLUSDT,bid,141,62884.0
2024-08-21 07:42:48,SOLUSDT,bid,141,62897.0
2024-08-21 07:42:48,SOLUSDT,bid,141,62884.0
2024-08-21 07:42:49,SOLUSDT,bid,141,62897.0
2024-08-21 07:42:50,SOLUSDT,bid,141,62884.0
2024-08-21 07:42:51,SOLUSDT,bid,141,62884.0
2024-08-21 07:42:55,SOLUSDT,bid,141,62897.0
2024-08-21 07:42:55,SOLUSDT,bid,141,62897.0
2024-08-21 07:42:55,SOLUSDT,bid,141,62884.0
2024-08-21 07:42:55,SOLUSDT,bid,141,62897.0
2024-08-21 07:42:56,SOLUSDT,bid,141,62884.0
2024-08-21 07:43:27,SOLUSDT,bid,141,62878.0
2024-08-21 07:43:34,SOLUSDT,bid,141,62891.0
2024-08-21 07:43:34,SOLUSDT,bid,141,62878.0
2024-08-21 07:44:08,SOLUSDT,bid,141,62891.0
2024-08-21 07:44:08,SOLUSDT,bid,141,62878.0
2024-08-21 07:44:13,SOLUSDT,bid,141,62891.0
2024-08-21 07:44:14,SOLUSDT,bid,141,62878.0
2024-08-21 07:44:32,SOLUSDT,bid,141,63191.0
2024-08-21 07:44:37,SOLUSDT,bid,141,62878.0
2024-08-21 07:45:00,SOLUSDT,bid,141,62888.0
2024-08-21 07:45:12,SOLUSDT,bid,141,62878.0
2024-08-21 07:48:43,SOLUSDT,bid,141,63140.0
2024-08-21 07:48:46,SOLUSDT,bid,141,62878.0
2024-08-21 07:50:10,SOLUSDT,bid,141,62895.0
2024-08-21 07:50:20,SOLUSDT,bid,141,62878.0
2024-08-21 07:51:11,SOLUSDT,bid,141,62876.0
2024-08-21 07:51:25,SOLUSDT,bid,141,62896.0
2024-08-21 07:51:27,SOLUSDT,bid,141,62897.0
2024-08-21 07:51:35,SOLUSDT,bid,141,62908.0
2024-08-21 07:51:43,SOLUSDT,bid,141,62916.0
2024-08-21 07:51:44,SOLUSDT,bid,141,62908.0
2024-08-21 07:52:09,SOLUSDT,bid,141,63181.0
2024-08-21 07:52:11,SOLUSDT,bid,141,63194.0
2024-08-21 07:52:11,SOLUSDT,bid,141,62908.0
2024-08-21 07:52:27,SOLUSDT,bid,141,62888.0
2024-08-21 07:52:27,SOLUSDT,bid,141,62908.0
2024-08-21 07:52:28,SOLUSDT,bid,141,62907.0
2024-08-21 07:52:28,SOLUSDT,bid,141,62887.0
2024-08-21 07:52:29,SOLUSDT,bid,141,62900.0
2024-08-21 07:52:29,SOLUSDT,bid,141,62887.0
2024-08-21 07:52:36,SOLUSDT,bid,141,62876.0
2024-08-21 07:53:44,SOLUSDT,bid,141,62917.0
2024-08-21 07:53:53,SOLUSDT,bid,141,62917.0
2024-08-21 07:53:53,SOLUSDT,bid,141,62898.0
2024-08-21 07:54:00,SOLUSDT,bid,141,62884.0
2024-08-21 07:54:10,SOLUSDT,bid,141,62906.0
2024-08-21 07:54:11,SOLUSDT,bid,141,62897.0
2024-08-21 07:54:28,SOLUSDT,bid,141,63020.0
2024-08-21 07:54:28,SOLUSDT,bid,141,62897.0
2024-08-21 07:55:08,SOLUSDT,bid,141,62887.0
2024-08-21 07:55:11,SOLUSDT,bid,141,62888.0
2024-08-21 07:55:11,SOLUSDT,bid,141,62887.0
2024-08-21 07:55:49,SOLUSDT,bid,141,63675.0
2024-08-21 07:56:07,SOLUSDT,bid,141,64325.0
2024-08-21 07:56:30,SOLUSDT,bid,141,64332.0
2024-08-21 07:56:35,SOLUSDT,bid,141,64346.0
2024-08-21 07:56:37,SOLUSDT,bid,141,63696.0
2024-08-21 07:57:03,SOLUSDT,bid,141,63717.0
2024-08-21 07:57:12,SOLUSDT,bid,141,63710.0
2024-08-21 07:57:31,SOLUSDT,bid,141,63725.0
2024-08-21 07:57:32,SOLUSDT,bid,141,63710.0
2024-08-21 07:57:39,SOLUSDT,bid,141,63710.0
2024-08-21 07:58:07,SOLUSDT,bid,141,63460.0
2024-08-21 07:58:11,SOLUSDT,bid,141,63462.0
2024-08-21 07:58:12,SOLUSDT,bid,141,63463.0
2024-08-21 07:58:26,SOLUSDT,bid,141,63478.0
2024-08-21 07:58:37,SOLUSDT,bid,141,63479.0
2024-08-21 07:58:44,SOLUSDT,bid,141,63476.0
2024-08-21 07:58:44,SOLUSDT,bid,141,63476.0
2024-08-21 07:59:07,SOLUSDT,bid,141,63424.0
2024-08-21 07:59:12,SOLUSDT,bid,141,63539.0
2024-08-21 07:59:19,SOLUSDT,bid,141,63424.0
2024-08-21 07:59:23,SOLUSDT,bid,141,63421.0
2024-08-21 07:59:23,SOLUSDT,bid,141,63422.0
2024-08-21 07:59:37,SOLUSDT,bid,141,64581.0
2024-08-21 07:59:37,SOLUSDT,bid,141,64686.0
2024-08-21 07:59:38,SOLUSDT,bid,141,63437.0
2024-08-21 07:59:38,SOLUSDT,bid,141,64817.0
2024-08-21 07:59:39,SOLUSDT,bid,141,63437.0
2024-08-21 07:59:39,SOLUSDT,bid,141,64817.0
2024-08-21 07:59:39,SOLUSDT,bid,141,63422.0
2024-08-21 07:59:40,SOLUSDT,bid,141,64924.0
2024-08-21 07:59:40,SOLUSDT,bid,141,64924.0
2024-08-21 07:59:40,SOLUSDT,bid,141,63422.0
2024-08-21 07:59:41,SOLUSDT,bid,141,63422.0
2024-08-21 07:59:46,SOLUSDT,bid,141,63437.0
2024-08-21 07:59:46,SOLUSDT,bid,141,63422.0
2024-08-21 08:00:04,SOLUSDT,bid,141,63423.0
2024-08-21 08:00:19,SOLUSDT,bid,141,63409.0
2024-08-21 08:00:23,SOLUSDT,bid,141,63442.0
2024-08-21 08:00:23,SOLUSDT,bid,141,63409.0
2024-08-21 08:00:32,SOLUSDT,bid,141,63617.0
2024-08-21 08:00:37,SOLUSDT,bid,141,63630.0
2024-08-21 08:00:37,SOLUSDT,bid,141,63422.0
2024-08-21 08:00:38,SOLUSDT,bid,141,63409.0
2024-08-21 08:00:38,SOLUSDT,bid,141,63410.0
2024-08-21 08:00:38,SOLUSDT,bid,141,63409.0
2024-08-21 08:00:41,SOLUSDT,bid,141,63415.0
2024-08-21 08:00:42,SOLUSDT,bid,141,63409.0
2024-08-21 08:00:44,SOLUSDT,bid,141,63409.0
2024-08-21 08:00:44,SOLUSDT,bid,141,63622.0
2024-08-21 08:00:45,SOLUSDT,bid,141,63635.0
2024-08-21 08:00:45,SOLUSDT,bid,141,63622.0
2024-08-21 08:00:48,SOLUSDT,bid,141,63635.0
2024-08-21 08:00:48,SOLUSDT,bid,141,63622.0
2024-08-21 08:00:51,SOLUSDT,bid,141,63635.0
2024-08-21 08:00:52,SOLUSDT,bid,141,63622.0
2024-08-21 08:00:52,SOLUSDT,bid,141,63409.0
2024-08-21 08:00:57,SOLUSDT,bid,141,63394.0
2024-08-21 08:00:58,SOLUSDT,bid,141,63409.0
2024-08-21 08:00:59,SOLUSDT,bid,141,63394.0
2024-08-21 08:01:04,SOLUSDT,bid,141,63397.0
2024-08-21 08:01:06,SOLUSDT,bid,141,63410.0
2024-08-21 08:01:07,SOLUSDT,bid,141,63397.0
2024-08-21 08:01:20,SOLUSDT,bid,141,63398.0
2024-08-21 08:01:21,SOLUSDT,bid,141,63399.0
2024-08-21 08:01:29,SOLUSDT,bid,141,63419.0
2024-08-21 08:01:31,SOLUSDT,bid,141,63399.0
2024-08-21 08:01:33,SOLUSDT,bid,141,63396.0
2024-08-21 08:01:36,SOLUSDT,bid,141,63417.0
2024-08-21 08:01:38,SOLUSDT,bid,141,63396.0
2024-08-21 08:01:38,SOLUSDT,bid,141,63395.0
2024-08-21 08:01:40,SOLUSDT,bid,141,63409.0
2024-08-21 08:01:42,SOLUSDT,bid,141,63405.0
2024-08-21 08:01:42,SOLUSDT,bid,141,63410.0
2024-08-21 08:01:46,SOLUSDT,bid,141,63417.0
2024-08-21 08:01:46,SOLUSDT,bid,141,63410.0
2024-08-21 08:01:54,SOLUSDT,bid,141,63410.0
2024-08-21 08:01:54,SOLUSDT,bid,141,63410.0
2024-08-21 08:02:07,SOLUSDT,bid,141,63413.0
2024-08-21 08:02:10,SOLUSDT,bid,141,63395.0
2024-08-21 08:02:11,SOLUSDT,bid,141,63396.0
2024-08-21 08:02:12,SOLUSDT,bid,141,63417.0
2024-08-21 08:02:12,SOLUSDT,bid,141,63417.0
2024-08-21 08:02:12,SOLUSDT,bid,141,63400.0
2024-08-21 08:02:13,SOLUSDT,bid,141,63520.0
2024-08-21 08:02:15,SOLUSDT,bid,141,63404.0
2024-08-21 08:02:16,SOLUSDT,bid,141,63409.0
2024-08-21 08:02:17,SOLUSDT,bid,141,63404.0
2024-08-21 08:02:19,SOLUSDT,bid,141,63400.0
2024-08-21 08:02:20,SOLUSDT,bid,141,63403.0
2024-08-21 08:02:21,SOLUSDT,bid,141,63401.0
2024-08-21 08:02:49,SOLUSDT,bid,141,63558.0
2024-08-21 08:03:00,SOLUSDT,bid,141,63559.0
2024-08-21 08:03:08,SOLUSDT,bid,141,63553.0
2024-08-21 08:03:09,SOLUSDT,bid,141,63568.0
2024-08-21 08:03:13,SOLUSDT,bid,141,63411.0
2024-08-21 08:03:19,SOLUSDT,bid,141,63396.0
2024-08-21 08:03:30,SOLUSDT,bid,141,63395.0
2024-08-21 08:03:35,SOLUSDT,bid,141,63642.0
2024-08-21 08:03:35,SOLUSDT,bid,141,63395.0
2024-08-21 08:03:47,SOLUSDT,bid,141,63405.0
2024-08-21 08:04:00,SOLUSDT,bid,141,63405.0
2024-08-21 08:04:07,SOLUSDT,bid,141,63528.0
2024-08-21 08:04:07,SOLUSDT,bid,141,63405.0
2024-08-21 08:04:18,SOLUSDT,bid,141,63409.0
2024-08-21 08:04:25,SOLUSDT,bid,141,63405.0
2024-08-21 08:04:40,SOLUSDT,bid,141,63475.0
2024-08-21 08:05:30,SOLUSDT,bid,141,63477.0
2024-08-21 08:05:36,SOLUSDT,bid,141,63368.0
2024-08-21 08:05:41,SOLUSDT,bid,141,63366.0
2024-08-21 08:05:44,SOLUSDT,bid,141,63367.0
2024-08-21 08:05:56,SOLUSDT,bid,141,63362.0
2024-08-21 08:06:26,SOLUSDT,bid,141,63361.0
2024-08-21 08:06:31,SOLUSDT,bid,141,63362.0
2024-08-21 08:07:41,SOLUSDT,bid,141,63379.0
2024-08-21 08:07:50,SOLUSDT,bid,141,63362.0
2024-08-21 08:08:05,SOLUSDT,bid,141,63363.0
2024-08-21 08:08:37,SOLUSDT,bid,141,63525.0
2024-08-21 08:08:46,SOLUSDT,bid,141,63762.0
2024-08-21 08:09:09,SOLUSDT,bid,141,63763.0
2024-08-21 08:09:21,SOLUSDT,bid,141,63526.0
2024-08-21 08:09:28,SOLUSDT,bid,141,63528.0
2024-08-21 08:09:45,SOLUSDT,bid,141,63529.0
2024-08-21 08:10:41,SOLUSDT,bid,141,63528.0
2024-08-21 08:10:50,SOLUSDT,bid,141,63687.0
2024-08-21 08:10:56,SOLUSDT,bid,141,63528.0
2024-08-21 08:12:03,SOLUSDT,bid,141,63530.0
2024-08-21 08:12:25,SOLUSDT,bid,141,63536.0
2024-08-21 08:12:52,SOLUSDT,bid,141,63734.0
2024-08-21 08:13:40,SOLUSDT,bid,141,63735.0
2024-08-21 08:13:46,SOLUSDT,bid,141,63725.0
2024-08-21 08:14:19,SOLUSDT,bid,141,63732.0
2024-08-21 08:14:33,SOLUSDT,bid,141,63534.0
2024-08-21 08:14:35,SOLUSDT,bid,141,63527.0
2024-08-21 08:14:53,SOLUSDT,bid,141,60606.0
2024-08-21 08:15:00,SOLUSDT,bid,141,60603.0
2024-08-21 08:15:24,SOLUSDT,bid,141,61684.0
2024-08-21 08:15:24,SOLUSDT,bid,141,60603.0
2024-08-21 08:15:25,SOLUSDT,bid,141,60849.0
2024-08-21 08:15:25,SOLUSDT,bid,141,60615.0
2024-08-21 08:15:25,SOLUSDT,bid,141,60738.0
2024-08-21 08:15:26,SOLUSDT,bid,141,60615.0
2024-08-21 08:15:27,SOLUSDT,bid,141,60616.0
2024-08-21 08:15:29,SOLUSDT,bid,141,60739.0
2024-08-21 08:15:29,SOLUSDT,bid,141,60616.0
2024-08-21 08:15:59,SOLUSDT,bid,141,60615.0
2024-08-21 08:16:05,SOLUSDT,bid,141,60617.0
2024-08-21 08:16:12,SOLUSDT,bid,141,60615.0
2024-08-21 08:16:30,SOLUSDT,bid,141,60619.0
2024-08-21 08:16:42,SOLUSDT,bid,141,60626.0
2024-08-21 08:16:42,SOLUSDT,bid,141,60622.0
2024-08-21 08:16:45,SOLUSDT,bid,141,60615.0
2024-08-21 08:19:24,SOLUSDT,bid,141,60603.0
2024-08-21 08:19:48,SOLUSDT,bid,141,60926.0
2024-08-21 08:19:59,SOLUSDT,bid,141,60603.0
2024-08-21 08:20:01,SOLUSDT,bid,141,60623.0
2024-08-21 08:20:01,SOLUSDT,bid,141,60603.0
2024-08-21 08:20:06,SOLUSDT,bid,141,60623.0
2024-08-21 08:20:07,SOLUSDT,bid,141,60643.0
2024-08-21 08:20:07,SOLUSDT,bid,141,60623.0
2024-08-21 08:20:13,SOLUSDT,bid,141,60603.0
2024-08-21 08:20:13,SOLUSDT,bid,141,60603.0
2024-08-21 08:20:18,SOLUSDT,bid,141,60607.0
2024-08-21 08:20:19,SOLUSDT,bid,141,60609.0
2024-08-21 08:20:19,SOLUSDT,bid,141,60605.0
2024-08-21 08:20:33,SOLUSDT,bid,141,60609.0
2024-08-21 08:20:40,SOLUSDT,bid,141,60612.0
2024-08-21 08:20:58,SOLUSDT,bid,141,60609.0
2024-08-21 08:21:00,SOLUSDT,bid,141,36654.0
2024-08-21 08:21:00,SOLUSDT,bid,141,36661.0
2024-08-21 08:21:00,SOLUSDT,bid,141,36638.0
2024-08-21 08:21:00,SOLUSDT,bid,141,36244.0
2024-08-21 08:21:01,SOLUSDT,bid,141,36200.0
2024-08-21 08:21:01,SOLUSDT,bid,141,36196.0
2024-08-21 08:21:02,SOLUSDT,bid,141,36198.0
2024-08-21 08:21:03,SOLUSDT,bid,141,36225.0
2024-08-21 08:21:03,SOLUSDT,bid,141,36223.0
2024-08-21 08:21:03,SOLUSDT,bid,141,36196.0
2024-08-21 08:21:05,SOLUSDT,bid,141,36184.0
2024-08-21 08:21:05,SOLUSDT,bid,141,36184.0
2024-08-21 08:21:08,SOLUSDT,bid,141,36176.0
2024-08-21 08:21:08,SOLUSDT,bid,141,36176.0
2024-08-21 08:21:08,SOLUSDT,bid,141,36176.0
2024-08-21 08:28:36,SOLUSDT,bid,56,89293.0
2024-08-21 08:28:54,SOLUSDT,bid,141,43725.0
2024-08-21 08:30:36,SOLUSDT,bid,141,43746.0
2024-08-21 08:30:38,SOLUSDT,bid,141,43725.0
2024-08-21 08:31:05,SOLUSDT,bid,141,43748.0
2024-08-21 08:31:09,SOLUSDT,bid,141,43725.0
2024-08-21 08:31:45,SOLUSDT,bid,141,43725.0
2024-08-21 08:31:48,SOLUSDT,bid,141,43738.0
2024-08-21 08:31:49,SOLUSDT,bid,141,43725.0
2024-08-21 08:32:19,SOLUSDT,bid,141,43725.0
2024-08-21 08:32:25,SOLUSDT,bid,141,43866.0
2024-08-21 08:32:33,SOLUSDT,bid,141,43888.0
2024-08-21 08:32:37,SOLUSDT,bid,141,44134.0
2024-08-21 08:32:38,SOLUSDT,bid,141,43888.0
2024-08-21 08:32:38,SOLUSDT,bid,141,43905.0
2024-08-21 08:32:39,SOLUSDT,bid,141,43888.0
2024-08-21 08:33:33,SOLUSDT,bid,141,43866.0
2024-08-21 08:33:40,SOLUSDT,bid,141,43937.0
2024-08-21 08:34:07,SOLUSDT,bid,141,43957.0
2024-08-21 08:34:08,SOLUSDT,bid,141,43937.0
2024-08-21 08:34:19,SOLUSDT,bid,141,43937.0
2024-08-21 08:34:22,SOLUSDT,bid,141,43866.0
2024-08-21 08:34:26,SOLUSDT,bid,141,43866.0
2024-08-21 08:34:26,SOLUSDT,bid,141,43886.0
2024-08-21 08:34:27,SOLUSDT,bid,141,43866.0
2024-08-21 08:34:27,SOLUSDT,bid,141,44066.0
2024-08-21 08:34:28,SOLUSDT,bid,141,44076.0
2024-08-21 08:34:32,SOLUSDT,bid,141,43876.0
2024-08-21 08:34:42,SOLUSDT,bid,141,43876.0
2024-08-21 08:34:42,SOLUSDT,bid,141,43897.0
2024-08-21 08:34:53,SOLUSDT,bid,141,43897.0
2024-08-21 08:35:00,SOLUSDT,bid,141,44028.0
2024-08-21 08:35:02,SOLUSDT,bid,141,44031.0
2024-08-21 08:35:02,SOLUSDT,bid,141,44028.0
2024-08-21 08:35:05,SOLUSDT,bid,141,44031.0
2024-08-21 08:35:06,SOLUSDT,bid,141,43884.0
2024-08-21 08:35:06,SOLUSDT,bid,141,43881.0
2024-08-21 08:35:12,SOLUSDT,bid,141,43881.0
2024-08-21 08:35:12,SOLUSDT,bid,141,43881.0
2024-08-21 08:35:18,SOLUSDT,bid,141,43916.0
2024-08-21 08:35:23,SOLUSDT,bid,141,43881.0
2024-08-21 08:35:23,SOLUSDT,bid,141,43878.0
2024-08-21 08:35:25,SOLUSDT,bid,141,43885.0
2024-08-21 08:35:25,SOLUSDT,bid,141,43878.0
2024-08-21 08:35:32,SOLUSDT,bid,141,43913.0
2024-08-21 08:35:33,SOLUSDT,bid,141,43884.0
2024-08-21 08:35:41,SOLUSDT,bid,141,43891.0
2024-08-21 08:35:41,SOLUSDT,bid,141,43884.0
2024-08-21 08:35:41,SOLUSDT,bid,141,43884.0
2024-08-21 08:35:42,SOLUSDT,bid,141,43887.0
2024-08-21 08:35:43,SOLUSDT,bid,141,43884.0
2024-08-21 08:35:54,SOLUSDT,bid,141,43918.0
2024-08-21 08:35:54,SOLUSDT,bid,141,43919.0
2024-08-21 08:35:54,SOLUSDT,bid,141,43922.0
2024-08-21 08:35:54,SOLUSDT,bid,141,43920.0
2024-08-21 08:35:54,SOLUSDT,bid,141,43923.0
2024-08-21 08:35:55,SOLUSDT,bid,141,43920.0
2024-08-21 08:35:55,SOLUSDT,bid,141,43916.0
2024-08-21 08:35:56,SOLUSDT,bid,141,43914.0
2024-08-21 08:35:56,SOLUSDT,bid,141,43913.0
2024-08-21 08:35:57,SOLUSDT,bid,141,43892.0
2024-08-21 08:36:00,SOLUSDT,bid,141,43892.0
2024-08-21 08:36:12,SOLUSDT,bid,141,43901.0
2024-08-21 08:36:12,SOLUSDT,bid,141,44033.0
2024-08-21 08:36:12,SOLUSDT,bid,141,43892.0
2024-08-21 08:36:13,SOLUSDT,bid,141,43942.0
2024-08-21 08:36:14,SOLUSDT,bid,141,43892.0
2024-08-21 08:36:14,SOLUSDT,bid,141,43899.0
2024-08-21 08:36:14,SOLUSDT,bid,141,43900.0
2024-08-21 08:36:16,SOLUSDT,bid,141,43899.0
2024-08-21 08:36:18,SOLUSDT,bid,141,43892.0
2024-08-21 08:36:19,SOLUSDT,bid,141,43892.0
2024-08-21 08:36:20,SOLUSDT,bid,141,43892.0
2024-08-21 08:36:22,SOLUSDT,bid,141,43893.0
2024-08-21 08:36:22,SOLUSDT,bid,141,43892.0
2024-08-21 08:36:23,SOLUSDT,bid,141,43899.0
2024-08-21 08:36:26,SOLUSDT,bid,141,43900.0
2024-08-21 08:36:27,SOLUSDT,bid,141,43950.0
2024-08-21 08:36:27,SOLUSDT,bid,141,43950.0
2024-08-21 08:36:28,SOLUSDT,bid,141,43900.0
2024-08-21 08:36:29,SOLUSDT,bid,141,43950.0
2024-08-21 08:36:30,SOLUSDT,bid,141,43900.0
2024-08-21 08:36:30,SOLUSDT,bid,141,43950.0
2024-08-21 08:36:30,SOLUSDT,bid,141,43900.0
2024-08-21 08:36:30,SOLUSDT,bid,141,43950.0
2024-08-21 08:36:31,SOLUSDT,bid,141,43903.0
2024-08-21 08:36:32,SOLUSDT,bid,141,43902.0
2024-08-21 08:36:33,SOLUSDT,bid,141,43900.0
2024-08-21 08:36:33,SOLUSDT,bid,141,43893.0
2024-08-21 08:36:37,SOLUSDT,bid,141,43933.0
2024-08-21 08:36:38,SOLUSDT,bid,141,43934.0
2024-08-21 08:36:40,SOLUSDT,bid,141,43910.0
2024-08-21 08:36:42,SOLUSDT,bid,141,43911.0
2024-08-21 08:36:45,SOLUSDT,bid,141,43950.0
2024-08-21 08:36:45,SOLUSDT,bid,141,44091.0
2024-08-21 08:36:45,SOLUSDT,bid,141,43950.0
2024-08-21 08:36:46,SOLUSDT,bid,141,44091.0
2024-08-21 08:36:46,SOLUSDT,bid,141,43950.0
2024-08-21 08:36:46,SOLUSDT,bid,141,43935.0
2024-08-21 08:36:47,SOLUSDT,bid,141,43911.0
2024-08-21 08:36:47,SOLUSDT,bid,141,43935.0
2024-08-21 08:36:51,SOLUSDT,bid,141,43901.0
2024-08-21 08:36:51,SOLUSDT,bid,141,43901.0
2024-08-21 08:36:53,SOLUSDT,bid,141,43900.0
2024-08-21 08:36:53,SOLUSDT,bid,141,43914.0
2024-08-21 08:36:54,SOLUSDT,bid,141,43921.0
2024-08-21 08:36:57,SOLUSDT,bid,141,43938.0
2024-08-21 08:36:59,SOLUSDT,bid,141,43937.0
2024-08-21 08:36:59,SOLUSDT,bid,141,45925.0
2024-08-21 08:36:59,SOLUSDT,bid,141,45925.0
2024-08-21 08:37:00,SOLUSDT,bid,141,43937.0
2024-08-21 08:37:03,SOLUSDT,bid,141,43920.0
2024-08-21 08:37:19,SOLUSDT,bid,141,43929.0
2024-08-21 08:37:20,SOLUSDT,bid,141,43946.0
2024-08-21 08:37:21,SOLUSDT,bid,141,43939.0
2024-08-21 08:37:24,SOLUSDT,bid,141,43939.0
2024-08-21 08:37:25,SOLUSDT,bid,141,43922.0
2024-08-21 08:37:35,SOLUSDT,bid,141,44168.0
2024-08-21 08:37:36,SOLUSDT,bid,141,43922.0
2024-08-21 08:37:47,SOLUSDT,bid,141,43922.0
2024-08-21 08:37:51,SOLUSDT,bid,141,43925.0
2024-08-21 08:37:54,SOLUSDT,bid,141,43932.0
2024-08-21 08:37:54,SOLUSDT,bid,141,43925.0
2024-08-21 08:37:55,SOLUSDT,bid,141,43925.0
2024-08-21 08:37:55,SOLUSDT,bid,141,44171.0
2024-08-21 08:37:56,SOLUSDT,bid,141,43925.0
2024-08-21 08:37:57,SOLUSDT,bid,141,43922.0
2024-08-21 08:38:01,SOLUSDT,bid,141,43922.0
2024-08-21 08:38:01,SOLUSDT,bid,141,44415.0
2024-08-21 08:38:03,SOLUSDT,bid,141,43922.0
2024-08-21 08:38:04,SOLUSDT,bid,141,43923.0
2024-08-21 08:38:04,SOLUSDT,bid,141,43922.0
2024-08-21 08:38:14,SOLUSDT,bid,141,43923.0
2024-08-21 08:38:15,SOLUSDT,bid,141,43922.0
2024-08-21 08:38:19,SOLUSDT,bid,141,43923.0
2024-08-21 08:38:20,SOLUSDT,bid,141,43922.0
2024-08-21 08:38:28,SOLUSDT,bid,141,43929.0
2024-08-21 08:38:29,SOLUSDT,bid,141,43922.0
2024-08-21 08:38:31,SOLUSDT,bid,141,44045.0
2024-08-21 08:38:32,SOLUSDT,bid,141,43922.0
2024-08-21 08:38:47,SOLUSDT,bid,141,43921.0
2024-08-21 08:38:52,SOLUSDT,bid,141,43928.0
2024-08-21 08:38:56,SOLUSDT,bid,141,44174.0
2024-08-21 08:39:01,SOLUSDT,bid,141,43928.0
2024-08-21 08:39:02,SOLUSDT,bid,141,43963.0
2024-08-21 08:39:04,SOLUSDT,bid,141,43928.0
2024-08-21 08:39:19,SOLUSDT,bid,141,43929.0
2024-08-21 08:39:20,SOLUSDT,bid,141,43908.0
2024-08-21 08:39:24,SOLUSDT,bid,141,43907.0
2024-08-21 08:39:42,SOLUSDT,bid,141,43906.0
2024-08-21 08:39:43,SOLUSDT,bid,141,43950.0
2024-08-21 08:39:52,SOLUSDT,bid,141,43951.0
2024-08-21 08:39:54,SOLUSDT,bid,141,43964.0
2024-08-21 08:39:54,SOLUSDT,bid,141,43951.0
2024-08-21 08:39:59,SOLUSDT,bid,141,43964.0
2024-08-21 08:39:59,SOLUSDT,bid,141,43964.0
2024-08-21 08:40:00,SOLUSDT,bid,141,43951.0
2024-08-21 08:40:01,SOLUSDT,bid,141,43964.0
2024-08-21 08:40:02,SOLUSDT,bid,141,43951.0
2024-08-21 08:40:04,SOLUSDT,bid,141,43964.0
2024-08-21 08:40:05,SOLUSDT,bid,141,43951.0
2024-08-21 08:40:06,SOLUSDT,bid,141,43951.0
2024-08-21 08:40:06,SOLUSDT,bid,141,43964.0
2024-08-21 08:40:06,SOLUSDT,bid,141,43951.0
2024-08-21 08:40:07,SOLUSDT,bid,141,43950.0
2024-08-21 08:40:13,SOLUSDT,bid,141,43963.0
2024-08-21 08:40:13,SOLUSDT,bid,141,43950.0
2024-08-21 08:40:16,SOLUSDT,bid,141,43906.0
2024-08-21 08:40:23,SOLUSDT,bid,141,43906.0
2024-08-21 08:40:27,SOLUSDT,bid,141,43919.0
2024-08-21 08:40:27,SOLUSDT,bid,141,43919.0
2024-08-21 08:40:28,SOLUSDT,bid,141,43906.0
2024-08-21 08:40:34,SOLUSDT,bid,141,43919.0
2024-08-21 08:40:34,SOLUSDT,bid,141,43906.0
2024-08-21 08:40:36,SOLUSDT,bid,141,43920.0
2024-08-21 08:40:36,SOLUSDT,bid,141,43906.0
2024-08-21 08:40:39,SOLUSDT,bid,141,44029.0
2024-08-21 08:40:39,SOLUSDT,bid,141,43906.0
2024-08-21 08:40:42,SOLUSDT,bid,141,43907.0
2024-08-21 08:40:45,SOLUSDT,bid,141,44007.0
2024-08-21 08:40:47,SOLUSDT,bid,141,44007.0
2024-08-21 08:40:50,SOLUSDT,bid,141,44130.0
2024-08-21 08:40:50,SOLUSDT,bid,141,44007.0
2024-08-21 08:40:53,SOLUSDT,bid,141,44007.0
2024-08-21 08:41:01,SOLUSDT,bid,141,44500.0
2024-08-21 08:41:01,SOLUSDT,bid,141,44007.0
2024-08-21 08:41:05,SOLUSDT,bid,141,44006.0
2024-08-21 08:41:12,SOLUSDT,bid,141,44009.0
2024-08-21 08:41:25,SOLUSDT,bid,141,44009.0
2024-08-21 08:41:27,SOLUSDT,bid,141,44006.0
2024-08-21 08:41:32,SOLUSDT,bid,141,44038.0
2024-08-21 08:41:54,SOLUSDT,bid,141,44006.0
2024-08-21 08:41:55,SOLUSDT,bid,141,43906.0
2024-08-21 08:41:59,SOLUSDT,bid,141,43912.0
2024-08-21 08:42:03,SOLUSDT,bid,141,43912.0
2024-08-21 08:42:41,SOLUSDT,bid,141,44120.0
2024-08-21 08:43:07,SOLUSDT,bid,141,44133.0
2024-08-21 08:43:07,SOLUSDT,bid,141,44120.0
2024-08-21 08:43:08,SOLUSDT,bid,141,44133.0
2024-08-21 08:43:08,SOLUSDT,bid,141,44120.0
2024-08-21 08:43:08,SOLUSDT,bid,141,43912.0
2024-08-21 08:43:46,SOLUSDT,bid,141,44185.0
2024-08-21 08:43:54,SOLUSDT,bid,141,44198.0
2024-08-21 08:44:00,SOLUSDT,bid,141,44185.0
2024-08-21 08:44:06,SOLUSDT,bid,141,44385.0
2024-08-21 08:44:11,SOLUSDT,bid,141,44185.0
2024-08-21 08:44:23,SOLUSDT,bid,141,43912.0
2024-08-21 08:45:05,SOLUSDT,bid,141,43913.0
2024-08-21 08:45:51,SOLUSDT,bid,141,43933.0
2024-08-21 08:46:08,SOLUSDT,bid,141,43930.0
2024-08-21 08:46:45,SOLUSDT,bid,141,44255.0
2024-08-21 08:46:51,SOLUSDT,bid,141,44256.0
2024-08-21 08:47:10,SOLUSDT,bid,141,43931.0
2024-08-21 08:47:11,SOLUSDT,bid,141,43911.0
2024-08-21 08:47:12,SOLUSDT,bid,141,43910.0
2024-08-21 08:48:00,SOLUSDT,bid,141,43923.0
2024-08-21 08:48:10,SOLUSDT,bid,141,43910.0
2024-08-21 08:48:41,SOLUSDT,bid,141,43904.0
2024-08-21 08:48:57,SOLUSDT,bid,141,43944.0
2024-08-21 08:49:10,SOLUSDT,bid,141,43904.0
2024-08-21 08:49:26,SOLUSDT,bid,141,43896.0
2024-08-21 08:49:33,SOLUSDT,bid,141,43909.0
2024-08-21 08:49:33,SOLUSDT,bid,141,43896.0
2024-08-21 08:49:42,SOLUSDT,bid,141,43897.0
2024-08-21 08:49:43,SOLUSDT,bid,141,43918.0
2024-08-21 08:49:43,SOLUSDT,bid,141,43897.0
2024-08-21 08:49:45,SOLUSDT,bid,141,43904.0
2024-08-21 08:49:45,SOLUSDT,bid,141,43897.0
2024-08-21 08:50:02,SOLUSDT,bid,141,43931.0
2024-08-21 08:50:02,SOLUSDT,bid,141,43897.0
2024-08-21 08:50:05,SOLUSDT,bid,141,43896.0
2024-08-21 08:50:16,SOLUSDT,bid,141,43906.0
2024-08-21 08:50:54,SOLUSDT,bid,141,43926.0
2024-08-21 08:51:00,SOLUSDT,bid,141,43936.0
2024-08-21 08:51:14,SOLUSDT,bid,141,43930.0
2024-08-21 08:51:43,SOLUSDT,bid,141,43910.0
2024-08-21 08:53:06,SOLUSDT,bid,141,43911.0
2024-08-21 08:55:42,SOLUSDT,bid,141,43910.0
2024-08-21 08:58:50,SOLUSDT,bid,141,43769.0
2024-08-21 09:00:26,SOLUSDT,bid,141,43772.0
2024-08-21 09:00:30,SOLUSDT,bid,141,43779.0
2024-08-21 09:00:45,SOLUSDT,bid,141,43772.0
2024-08-21 09:00:56,SOLUSDT,bid,141,43769.0
2024-08-21 09:01:12,SOLUSDT,bid,141,43762.0
2024-08-21 09:02:26,SOLUSDT,bid,141,43773.0
2024-08-21 09:03:06,SOLUSDT,bid,141,43762.0
2024-08-21 09:05:00,SOLUSDT,bid,141,43783.0
2024-08-21 09:07:55,SOLUSDT,bid,141,43789.0
2024-08-21 09:08:00,SOLUSDT,bid,141,43768.0
2024-08-21 09:08:52,SOLUSDT,bid,141,43771.0
2024-08-21 09:09:21,SOLUSDT,bid,141,43774.0
2024-08-21 09:09:46,SOLUSDT,bid,141,43771.0
2024-08-21 09:15:53,SOLUSDT,bid,142,44329.0
2024-08-21 09:15:59,SOLUSDT,bid,142,44334.0
2024-08-21 09:16:21,SOLUSDT,bid,142,44334.0
2024-08-21 09:16:26,SOLUSDT,bid,142,44839.0
2024-08-21 09:16:26,SOLUSDT,bid,142,44334.0
2024-08-21 09:17:01,SOLUSDT,bid,142,44341.0
2024-08-21 09:17:30,SOLUSDT,bid,142,44334.0
2024-08-21 09:18:30,SOLUSDT,bid,142,44354.0
2024-08-21 09:18:30,SOLUSDT,bid,142,44334.0
2024-08-21 09:18:46,SOLUSDT,bid,142,44354.0
2024-08-21 09:19:02,SOLUSDT,bid,142,44599.0
2024-08-21 09:19:02,SOLUSDT,bid,142,44354.0
2024-08-21 09:19:03,SOLUSDT,bid,142,44354.0
2024-08-21 09:19:47,SOLUSDT,bid,142,44599.0
2024-08-21 09:19:47,SOLUSDT,bid,142,44354.0
2024-08-21 09:19:50,SOLUSDT,bid,142,44354.0
2024-08-21 09:20:15,SOLUSDT,bid,142,44368.0
2024-08-21 09:20:16,SOLUSDT,bid,142,44354.0
2024-08-21 09:20:22,SOLUSDT,bid,142,44599.0
2024-08-21 09:20:22,SOLUSDT,bid,142,44354.0
2024-08-21 09:20:27,SOLUSDT,bid,142,44368.0
2024-08-21 09:20:27,SOLUSDT,bid,142,44354.0
2024-08-21 09:20:48,SOLUSDT,bid,142,44368.0
2024-08-21 09:20:49,SOLUSDT,bid,142,44354.0
2024-08-21 09:21:47,SOLUSDT,bid,142,44334.0
2024-08-21 09:22:07,SOLUSDT,bid,142,44335.0
2024-08-21 09:22:12,SOLUSDT,bid,142,44335.0
2024-08-21 09:22:32,SOLUSDT,bid,142,44528.0
2024-08-21 09:22:40,SOLUSDT,bid,142,45019.0
2024-08-21 09:22:40,SOLUSDT,bid,142,44528.0
2024-08-21 09:22:42,SOLUSDT,bid,142,44528.0
2024-08-21 09:30:14,SOLUSDT,bid,142,44429.0
2024-08-21 09:30:14,SOLUSDT,bid,142,44379.0
2024-08-21 09:30:14,SOLUSDT,bid,142,44379.0
2024-08-21 09:30:21,SOLUSDT,bid,142,44382.0
2024-08-21 09:30:23,SOLUSDT,bid,142,44384.0
2024-08-21 09:30:23,SOLUSDT,bid,142,44434.0
2024-08-21 09:30:24,SOLUSDT,bid,142,44582.0
2024-08-21 09:30:28,SOLUSDT,bid,142,44561.0
2024-08-21 09:30:30,SOLUSDT,bid,142,44526.0
2024-08-21 09:30:30,SOLUSDT,bid,142,44631.0
2024-08-21 09:30:30,SOLUSDT,bid,142,44523.0
2024-08-21 09:30:39,SOLUSDT,bid,142,44525.0
2024-08-21 09:30:42,SOLUSDT,bid,142,44523.0
2024-08-21 09:30:43,SOLUSDT,bid,142,44628.0
2024-08-21 09:30:46,SOLUSDT,bid,142,44523.0
2024-08-21 09:30:47,SOLUSDT,bid,142,44628.0
2024-08-21 09:30:47,SOLUSDT,bid,142,44523.0
2024-08-21 09:30:47,SOLUSDT,bid,142,44628.0
2024-08-21 09:30:48,SOLUSDT,bid,142,44523.0
2024-08-21 09:30:49,SOLUSDT,bid,142,44573.0
2024-08-21 09:30:50,SOLUSDT,bid,142,44573.0
2024-08-21 09:30:50,SOLUSDT,bid,142,44573.0
2024-08-21 09:30:51,SOLUSDT,bid,142,44523.0
2024-08-21 09:30:51,SOLUSDT,bid,142,44573.0
2024-08-21 09:30:52,SOLUSDT,bid,142,44523.0
2024-08-21 09:30:52,SOLUSDT,bid,142,44573.0
2024-08-21 09:30:53,SOLUSDT,bid,142,44573.0
2024-08-21 09:30:53,SOLUSDT,bid,142,44523.0
2024-08-21 09:30:53,SOLUSDT,bid,142,44573.0
2024-08-21 09:30:54,SOLUSDT,bid,142,44523.0
2024-08-21 09:30:54,SOLUSDT,bid,142,44573.0
2024-08-21 09:30:54,SOLUSDT,bid,142,44523.0
2024-08-21 09:30:57,SOLUSDT,bid,142,44573.0
2024-08-21 09:30:57,SOLUSDT,bid,142,44523.0
2024-08-21 09:31:01,SOLUSDT,bid,142,44523.0
2024-08-21 09:33:25,SOLUSDT,bid,142,44186.0
2024-08-21 09:33:27,SOLUSDT,bid,142,44286.0
2024-08-21 09:33:27,SOLUSDT,bid,142,44186.0
2024-08-21 09:33:31,SOLUSDT,bid,142,44190.0
2024-08-21 09:33:34,SOLUSDT,bid,142,44211.0
2024-08-21 09:33:42,SOLUSDT,bid,142,44211.0
2024-08-21 09:33:52,SOLUSDT,bid,142,44207.0
2024-08-21 09:33:54,SOLUSDT,bid,142,44207.0
2024-08-21 09:33:54,SOLUSDT,bid,142,44208.0
2024-08-21 09:33:55,SOLUSDT,bid,142,44207.0
2024-08-21 09:33:57,SOLUSDT,bid,142,44206.0
2024-08-21 09:34:00,SOLUSDT,bid,142,44205.0
2024-08-21 09:34:00,SOLUSDT,bid,142,44209.0
2024-08-21 09:34:04,SOLUSDT,bid,142,44205.0
2024-08-21 09:34:04,SOLUSDT,bid,142,44210.0
2024-08-21 09:45:13,SOLUSDT,bid,142,44205.0
2024-08-21 09:45:14,SOLUSDT,bid,142,44208.0
2024-08-21 09:45:23,SOLUSDT,bid,142,44208.0
2024-08-21 09:45:43,SOLUSDT,bid,142,44205.0
2024-08-21 09:45:49,SOLUSDT,bid,142,44275.0
2024-08-21 09:46:00,SOLUSDT,bid,142,44276.0
2024-08-21 09:46:04,SOLUSDT,bid,142,44277.0
2024-08-21 09:46:11,SOLUSDT,bid,142,44274.0
2024-08-21 09:50:58,SOLUSDT,bid,142,43957.0
2024-08-21 09:50:59,SOLUSDT,bid,142,43836.0
2024-08-21 09:50:59,SOLUSDT,bid,142,43857.0
2024-08-21 09:51:01,SOLUSDT,bid,142,43856.0
2024-08-21 09:51:09,SOLUSDT,bid,142,43860.0
2024-08-21 09:51:13,SOLUSDT,bid,142,43860.0
2024-08-21 09:51:23,SOLUSDT,bid,142,43856.0
2024-08-21 09:51:27,SOLUSDT,bid,142,43869.0
2024-08-21 09:51:28,SOLUSDT,bid,142,43884.0
2024-08-21 09:51:28,SOLUSDT,bid,142,43869.0
2024-08-21 09:51:30,SOLUSDT,bid,142,43875.0
2024-08-21 09:51:31,SOLUSDT,bid,142,43878.0
2024-08-21 09:51:31,SOLUSDT,bid,142,43872.0
2024-08-21 09:51:31,SOLUSDT,bid,142,43871.0
2024-08-21 09:51:33,SOLUSDT,bid,142,43882.0
2024-08-21 09:51:34,SOLUSDT,bid,142,43869.0
2024-08-21 09:51:34,SOLUSDT,bid,142,44113.0
2024-08-21 09:51:34,SOLUSDT,bid,142,43869.0
2024-08-21 09:51:36,SOLUSDT,bid,142,43865.0
2024-08-21 09:51:37,SOLUSDT,bid,142,43844.0
2024-08-21 09:51:37,SOLUSDT,bid,142,43833.0
2024-08-21 09:51:37,SOLUSDT,bid,142,43905.0
2024-08-21 09:51:37,SOLUSDT,bid,142,43906.0
2024-08-21 09:51:37,SOLUSDT,bid,142,43904.0
2024-08-21 09:51:39,SOLUSDT,bid,142,43902.0
2024-08-21 09:51:45,SOLUSDT,bid,142,43901.0
2024-08-21 09:51:52,SOLUSDT,bid,142,43902.0
2024-08-21 09:51:52,SOLUSDT,bid,142,43901.0
2024-08-21 09:51:52,SOLUSDT,bid,142,43901.0
2024-08-21 09:51:52,SOLUSDT,bid,142,43831.0
2024-08-21 09:51:53,SOLUSDT,bid,142,43828.0
2024-08-21 09:52:01,SOLUSDT,bid,142,43828.0
2024-08-21 09:52:01,SOLUSDT,bid,142,43828.0
2024-08-21 09:52:07,SOLUSDT,bid,142,43845.0
2024-08-21 09:52:09,SOLUSDT,bid,142,43836.0
2024-08-21 09:52:09,SOLUSDT,bid,142,43828.0
2024-08-21 09:52:17,SOLUSDT,bid,142,43845.0
2024-08-21 09:52:19,SOLUSDT,bid,142,45196.0
2024-08-21 09:52:19,SOLUSDT,bid,142,43845.0
2024-08-21 09:52:25,SOLUSDT,bid,142,43828.0
2024-08-21 09:52:32,SOLUSDT,bid,142,43857.0
2024-08-21 09:52:33,SOLUSDT,bid,142,43893.0
2024-08-21 09:52:33,SOLUSDT,bid,142,43892.0
2024-08-21 09:52:35,SOLUSDT,bid,142,43910.0
2024-08-21 09:52:36,SOLUSDT,bid,142,43927.0
2024-08-21 09:52:37,SOLUSDT,bid,142,43928.0
2024-08-21 09:52:40,SOLUSDT,bid,142,43910.0
2024-08-21 09:52:50,SOLUSDT,bid,142,43911.0
2024-08-21 09:52:50,SOLUSDT,bid,142,43858.0
2024-08-21 09:53:05,SOLUSDT,bid,142,43857.0
2024-08-21 09:53:22,SOLUSDT,bid,142,44559.0
2024-08-21 09:53:28,SOLUSDT,bid,142,44829.0
2024-08-21 09:53:32,SOLUSDT,bid,142,44845.0
2024-08-21 09:53:34,SOLUSDT,bid,142,44846.0
2024-08-21 09:53:49,SOLUSDT,bid,142,44873.0
2024-08-21 09:53:51,SOLUSDT,bid,142,44890.0
2024-08-21 09:54:00,SOLUSDT,bid,142,44873.0
2024-08-21 09:54:00,SOLUSDT,bid,142,44872.0
2024-08-21 09:54:28,SOLUSDT,bid,142,44872.0
2024-08-21 09:54:56,SOLUSDT,bid,142,44875.0
2024-08-21 09:54:59,SOLUSDT,bid,142,44897.0
2024-08-21 09:55:00,SOLUSDT,bid,142,44919.0
2024-08-21 09:55:00,SOLUSDT,bid,142,44875.0
2024-08-21 09:55:00,SOLUSDT,bid,142,44872.0
2024-08-21 09:55:43,SOLUSDT,bid,142,44896.0
2024-08-21 09:55:52,SOLUSDT,bid,142,44872.0
2024-08-21 09:55:57,SOLUSDT,bid,142,44873.0
2024-08-21 09:56:33,SOLUSDT,bid,142,44873.0
2024-08-21 09:56:35,SOLUSDT,bid,142,45884.0
2024-08-21 09:56:35,SOLUSDT,bid,142,44873.0
2024-08-21 09:56:35,SOLUSDT,bid,142,44895.0
2024-08-21 09:56:39,SOLUSDT,bid,142,44873.0
2024-08-21 09:56:39,SOLUSDT,bid,142,44871.0
2024-08-21 09:56:41,SOLUSDT,bid,142,44883.0
2024-08-21 09:59:39,SOLUSDT,bid,142,44609.0
2024-08-21 09:59:45,SOLUSDT,bid,142,44611.0
2024-08-21 10:00:02,SOLUSDT,bid,142,44611.0
2024-08-21 10:00:02,SOLUSDT,bid,142,44611.0
2024-08-21 10:00:03,SOLUSDT,bid,142,44611.0
2024-08-21 10:00:04,SOLUSDT,bid,142,44612.0
2024-08-21 10:00:04,SOLUSDT,bid,142,44611.0
2024-08-21 10:00:05,SOLUSDT,bid,142,44614.0
2024-08-21 10:00:06,SOLUSDT,bid,142,44611.0
2024-08-21 10:00:20,SOLUSDT,bid,142,44611.0
2024-08-21 10:00:24,SOLUSDT,bid,142,44616.0
2024-08-21 10:00:52,SOLUSDT,bid,142,44616.0
2024-08-21 10:00:57,SOLUSDT,bid,142,44618.0
2024-08-21 10:00:57,SOLUSDT,bid,142,44863.0
2024-08-21 10:01:00,SOLUSDT,bid,142,44618.0
2024-08-21 10:01:01,SOLUSDT,bid,142,44619.0
2024-08-21 10:01:07,SOLUSDT,bid,142,44618.0
2024-08-21 10:01:23,SOLUSDT,bid,142,44619.0
2024-08-21 10:17:58,SOLUSDT,bid,142,53102.0
2024-08-21 10:18:00,SOLUSDT,bid,142,53108.0
2024-08-21 10:18:10,SOLUSDT,bid,142,53102.0
2024-08-21 10:18:23,SOLUSDT,bid,142,53593.0
2024-08-21 10:18:24,SOLUSDT,bid,142,53102.0
2024-08-21 10:18:26,SOLUSDT,bid,142,53103.0
2024-08-21 10:18:33,SOLUSDT,bid,142,53104.0
2024-08-21 10:18:34,SOLUSDT,bid,142,53103.0
2024-08-21 10:18:35,SOLUSDT,bid,142,53104.0
2024-08-21 10:18:35,SOLUSDT,bid,142,53103.0
2024-08-21 10:18:35,SOLUSDT,bid,142,53077.0
2024-08-21 10:18:39,SOLUSDT,bid,142,53078.0
2024-08-21 10:18:40,SOLUSDT,bid,142,53077.0
2024-08-21 10:18:46,SOLUSDT,bid,142,53974.0
2024-08-21 10:18:46,SOLUSDT,bid,142,53077.0
2024-08-21 10:18:46,SOLUSDT,bid,142,53076.0
2024-08-21 10:18:56,SOLUSDT,bid,142,54013.0
2024-08-21 10:18:56,SOLUSDT,bid,142,53076.0
2024-08-21 10:18:57,SOLUSDT,bid,142,53075.0
2024-08-21 10:19:09,SOLUSDT,bid,142,53321.0
2024-08-21 10:19:09,SOLUSDT,bid,142,53075.0
2024-08-21 10:19:10,SOLUSDT,bid,142,53321.0
2024-08-21 10:19:10,SOLUSDT,bid,142,53320.0
2024-08-21 10:19:11,SOLUSDT,bid,142,53075.0
2024-08-21 10:19:17,SOLUSDT,bid,142,53075.0
2024-08-21 10:19:22,SOLUSDT,bid,142,53075.0
2024-08-21 10:19:24,SOLUSDT,bid,142,53197.0
2024-08-21 10:19:25,SOLUSDT,bid,142,53075.0
2024-08-21 10:19:42,SOLUSDT,bid,142,53073.0
2024-08-21 10:19:50,SOLUSDT,bid,142,53072.0
2024-08-21 10:19:50,SOLUSDT,bid,142,53084.0
2024-08-21 10:19:50,SOLUSDT,bid,142,53085.0
2024-08-21 10:19:53,SOLUSDT,bid,142,53084.0
2024-08-21 10:19:53,SOLUSDT,bid,142,52834.0
2024-08-21 10:19:55,SOLUSDT,bid,142,52884.0
2024-08-21 10:19:55,SOLUSDT,bid,142,52834.0
2024-08-21 10:19:57,SOLUSDT,bid,142,52835.0
2024-08-21 10:20:01,SOLUSDT,bid,142,52826.0
2024-08-21 10:20:05,SOLUSDT,bid,142,52822.0
2024-08-21 10:20:10,SOLUSDT,bid,142,52927.0
2024-08-21 10:20:10,SOLUSDT,bid,142,52977.0
2024-08-21 10:20:11,SOLUSDT,bid,142,52872.0
2024-08-21 10:20:11,SOLUSDT,bid,142,52870.0
2024-08-21 10:20:11,SOLUSDT,bid,142,52855.0
2024-08-21 10:20:11,SOLUSDT,bid,142,52905.0
2024-08-21 10:20:12,SOLUSDT,bid,142,52905.0
2024-08-21 10:20:12,SOLUSDT,bid,142,52904.0
2024-08-21 10:20:12,SOLUSDT,bid,142,52904.0
2024-08-21 10:20:13,SOLUSDT,bid,142,52869.0
2024-08-21 10:20:14,SOLUSDT,bid,142,52869.0
2024-08-21 10:20:14,SOLUSDT,bid,142,52819.0
2024-08-21 10:20:14,SOLUSDT,bid,142,52869.0
2024-08-21 10:20:14,SOLUSDT,bid,142,52869.0
2024-08-21 10:20:15,SOLUSDT,bid,142,52819.0
2024-08-21 10:20:15,SOLUSDT,bid,142,52869.0
2024-08-21 10:20:15,SOLUSDT,bid,142,52869.0
2024-08-21 10:20:16,SOLUSDT,bid,142,52969.0
2024-08-21 10:20:16,SOLUSDT,bid,142,52919.0
2024-08-21 10:20:16,SOLUSDT,bid,142,52869.0
2024-08-21 10:20:16,SOLUSDT,bid,142,52969.0
2024-08-21 10:20:17,SOLUSDT,bid,142,52869.0
2024-08-21 10:20:17,SOLUSDT,bid,142,52819.0
2024-08-21 10:20:17,SOLUSDT,bid,142,52869.0
2024-08-21 10:20:17,SOLUSDT,bid,142,52869.0
2024-08-21 10:20:17,SOLUSDT,bid,142,52969.0
2024-08-21 10:20:17,SOLUSDT,bid,142,52969.0
2024-08-21 10:20:18,SOLUSDT,bid,142,52969.0
2024-08-21 10:20:18,SOLUSDT,bid,142,53069.0
2024-08-21 10:20:19,SOLUSDT,bid,142,52969.0
2024-08-21 10:20:19,SOLUSDT,bid,142,52919.0
2024-08-21 10:20:19,SOLUSDT,bid,142,52969.0
2024-08-21 10:20:20,SOLUSDT,bid,142,52969.0
2024-08-21 10:20:20,SOLUSDT,bid,142,52919.0
2024-08-21 10:20:20,SOLUSDT,bid,142,52969.0
2024-08-21 10:20:21,SOLUSDT,bid,142,52919.0
2024-08-21 10:20:21,SOLUSDT,bid,142,52969.0
2024-08-21 10:20:21,SOLUSDT,bid,142,52919.0
2024-08-21 10:20:21,SOLUSDT,bid,142,52969.0
2024-08-21 10:20:22,SOLUSDT,bid,142,52969.0
2024-08-21 10:20:22,SOLUSDT,bid,142,52869.0
2024-08-21 10:20:23,SOLUSDT,bid,142,52869.0
2024-08-21 10:20:25,SOLUSDT,bid,142,52974.0
2024-08-21 10:20:26,SOLUSDT,bid,142,52869.0
2024-08-21 10:20:28,SOLUSDT,bid,142,52819.0
2024-08-21 10:20:29,SOLUSDT,bid,142,52886.0
2024-08-21 10:20:29,SOLUSDT,bid,142,52836.0
2024-08-21 10:20:34,SOLUSDT,bid,142,52920.0
2024-08-21 10:20:35,SOLUSDT,bid,142,52970.0
2024-08-21 10:20:35,SOLUSDT,bid,142,52920.0
2024-08-21 10:20:36,SOLUSDT,bid,142,52818.0
2024-08-21 10:20:36,SOLUSDT,bid,142,52868.0
2024-08-21 10:20:36,SOLUSDT,bid,142,52818.0
2024-08-21 10:20:37,SOLUSDT,bid,142,52868.0
2024-08-21 10:20:37,SOLUSDT,bid,142,52818.0
2024-08-21 10:20:37,SOLUSDT,bid,142,52868.0
2024-08-21 10:20:38,SOLUSDT,bid,142,52868.0
2024-08-21 10:20:38,SOLUSDT,bid,142,52818.0
2024-08-21 10:20:39,SOLUSDT,bid,142,52818.0
2024-08-21 10:20:39,SOLUSDT,bid,142,52868.0
2024-08-21 10:20:40,SOLUSDT,bid,142,52818.0
2024-08-21 10:20:40,SOLUSDT,bid,142,52868.0
2024-08-21 10:20:41,SOLUSDT,bid,142,52818.0
2024-08-21 10:20:41,SOLUSDT,bid,142,52868.0
2024-08-21 10:20:41,SOLUSDT,bid,142,52818.0
2024-08-21 10:20:42,SOLUSDT,bid,142,52868.0
2024-08-21 10:20:42,SOLUSDT,bid,142,52818.0
2024-08-21 10:20:43,SOLUSDT,bid,142,52874.0
2024-08-21 10:20:44,SOLUSDT,bid,142,52868.0
2024-08-21 10:20:44,SOLUSDT,bid,142,52818.0
2024-08-21 10:20:46,SOLUSDT,bid,142,52868.0
2024-08-21 10:20:46,SOLUSDT,bid,142,52868.0
2024-08-21 10:20:46,SOLUSDT,bid,142,52868.0
2024-08-21 10:20:47,SOLUSDT,bid,142,52818.0
2024-08-21 10:20:47,SOLUSDT,bid,142,52868.0
2024-08-21 10:20:48,SOLUSDT,bid,142,52903.0
2024-08-21 10:20:48,SOLUSDT,bid,142,52853.0
2024-08-21 10:20:48,SOLUSDT,bid,142,52953.0
2024-08-21 10:20:49,SOLUSDT,bid,142,52853.0
2024-08-21 10:20:50,SOLUSDT,bid,142,52903.0
2024-08-21 10:20:50,SOLUSDT,bid,142,53003.0
2024-08-21 10:20:50,SOLUSDT,bid,142,53003.0
2024-08-21 10:20:50,SOLUSDT,bid,142,52953.0
2024-08-21 10:20:51,SOLUSDT,bid,142,52903.0
2024-08-21 10:20:51,SOLUSDT,bid,142,53003.0
2024-08-21 10:20:51,SOLUSDT,bid,142,52953.0
2024-08-21 10:20:52,SOLUSDT,bid,142,52903.0
2024-08-21 10:20:52,SOLUSDT,bid,142,52853.0
2024-08-21 10:20:53,SOLUSDT,bid,142,52818.0
2024-08-21 10:20:53,SOLUSDT,bid,142,52868.0
2024-08-21 10:20:53,SOLUSDT,bid,142,52892.0
2024-08-21 10:20:53,SOLUSDT,bid,142,52837.0
2024-08-21 10:20:54,SOLUSDT,bid,142,52813.0
2024-08-21 10:20:54,SOLUSDT,bid,142,52863.0
2024-08-21 10:20:54,SOLUSDT,bid,142,52813.0
2024-08-21 10:20:56,SOLUSDT,bid,142,52863.0
2024-08-21 10:20:57,SOLUSDT,bid,142,52863.0
2024-08-21 10:20:57,SOLUSDT,bid,142,52813.0
2024-08-21 10:20:58,SOLUSDT,bid,142,52813.0
2024-08-21 10:20:58,SOLUSDT,bid,142,52863.0
2024-08-21 10:20:59,SOLUSDT,bid,142,52813.0
2024-08-21 10:20:59,SOLUSDT,bid,142,52863.0
2024-08-21 10:20:59,SOLUSDT,bid,142,52813.0
2024-08-21 10:21:00,SOLUSDT,bid,142,52816.0
2024-08-21 10:21:00,SOLUSDT,bid,142,52866.0
2024-08-21 10:21:01,SOLUSDT,bid,142,52816.0
2024-08-21 10:21:10,SOLUSDT,bid,142,52843.0
2024-08-21 10:21:10,SOLUSDT,bid,142,52879.0
2024-08-21 10:21:10,SOLUSDT,bid,142,52816.0
2024-08-21 10:21:10,SOLUSDT,bid,142,52852.0
2024-08-21 10:21:11,SOLUSDT,bid,142,52816.0
2024-08-21 10:21:15,SOLUSDT,bid,142,52879.0
2024-08-21 10:21:17,SOLUSDT,bid,142,52843.0
2024-08-21 10:21:17,SOLUSDT,bid,142,52816.0
2024-08-21 10:21:20,SOLUSDT,bid,142,52815.0
2024-08-21 10:21:20,SOLUSDT,bid,142,52842.0
2024-08-21 10:21:20,SOLUSDT,bid,142,52812.0
2024-08-21 10:21:20,SOLUSDT,bid,142,52917.0
2024-08-21 10:21:21,SOLUSDT,bid,142,52917.0
2024-08-21 10:21:21,SOLUSDT,bid,142,52953.0
2024-08-21 10:21:21,SOLUSDT,bid,142,52980.0
2024-08-21 10:21:21,SOLUSDT,bid,142,52944.0
2024-08-21 10:21:22,SOLUSDT,bid,142,52917.0
2024-08-21 10:21:24,SOLUSDT,bid,142,52917.0
2024-08-21 10:21:26,SOLUSDT,bid,142,52940.0
2024-08-21 10:21:26,SOLUSDT,bid,142,52917.0
2024-08-21 10:21:27,SOLUSDT,bid,142,52919.0
2024-08-21 10:21:30,SOLUSDT,bid,142,52838.0
2024-08-21 10:21:31,SOLUSDT,bid,142,52812.0
2024-08-21 10:21:32,SOLUSDT,bid,142,52835.0
2024-08-21 10:21:32,SOLUSDT,bid,142,52837.0
2024-08-21 10:21:34,SOLUSDT,bid,142,52814.0
2024-08-21 10:21:34,SOLUSDT,bid,142,52829.0
2024-08-21 10:21:35,SOLUSDT,bid,142,52864.0
2024-08-21 10:21:35,SOLUSDT,bid,142,52969.0
2024-08-21 10:21:35,SOLUSDT,bid,142,52864.0
2024-08-21 10:21:36,SOLUSDT,bid,142,52829.0
2024-08-21 10:21:36,SOLUSDT,bid,142,52827.0
2024-08-21 10:21:39,SOLUSDT,bid,142,52828.0
2024-08-21 10:21:47,SOLUSDT,bid,142,52828.0
2024-08-21 10:21:53,SOLUSDT,bid,142,54786.0
2024-08-21 10:21:53,SOLUSDT,bid,142,52828.0
2024-08-21 10:21:57,SOLUSDT,bid,142,52813.0
2024-08-21 10:22:02,SOLUSDT,bid,142,52830.0
2024-08-21 10:22:02,SOLUSDT,bid,142,52813.0
2024-08-21 10:22:03,SOLUSDT,bid,142,52815.0
2024-08-21 10:22:09,SOLUSDT,bid,142,52832.0
2024-08-21 10:22:09,SOLUSDT,bid,142,52815.0
2024-08-21 10:22:09,SOLUSDT,bid,142,52829.0
2024-08-21 10:22:09,SOLUSDT,bid,142,52827.0
2024-08-21 10:22:09,SOLUSDT,bid,142,52831.0
2024-08-21 10:22:23,SOLUSDT,bid,142,52827.0
2024-08-21 10:22:27,SOLUSDT,bid,142,52829.0
2024-08-21 10:22:31,SOLUSDT,bid,142,52827.0
2024-08-21 10:22:31,SOLUSDT,bid,142,52813.0
2024-08-21 10:22:39,SOLUSDT,bid,142,52827.0
2024-08-21 10:22:55,SOLUSDT,bid,142,52827.0
2024-08-21 10:22:58,SOLUSDT,bid,142,52791.0
2024-08-21 10:23:02,SOLUSDT,bid,142,52791.0
2024-08-21 10:23:07,SOLUSDT,bid,142,52913.0
2024-08-21 10:23:07,SOLUSDT,bid,142,52791.0
2024-08-21 10:23:07,SOLUSDT,bid,142,52802.0
2024-08-21 10:23:08,SOLUSDT,bid,142,52924.0
2024-08-21 10:23:08,SOLUSDT,bid,142,52802.0
2024-08-21 10:23:08,SOLUSDT,bid,142,52924.0
2024-08-21 10:23:09,SOLUSDT,bid,142,52913.0
2024-08-21 10:23:11,SOLUSDT,bid,142,52791.0
2024-08-21 10:23:11,SOLUSDT,bid,142,52795.0
2024-08-21 10:23:15,SOLUSDT,bid,142,52781.0
2024-08-21 10:23:21,SOLUSDT,bid,142,52777.0
2024-08-21 10:23:33,SOLUSDT,bid,142,52799.0
2024-08-21 10:23:36,SOLUSDT,bid,142,52921.0
2024-08-21 10:23:37,SOLUSDT,bid,142,52799.0
2024-08-21 10:23:40,SOLUSDT,bid,142,52821.0
2024-08-21 10:23:41,SOLUSDT,bid,142,52777.0
2024-08-21 10:23:41,SOLUSDT,bid,142,52781.0
2024-08-21 10:23:45,SOLUSDT,bid,142,52806.0
2024-08-21 10:23:51,SOLUSDT,bid,142,52809.0
2024-08-21 10:23:59,SOLUSDT,bid,142,52806.0
2024-08-21 10:24:00,SOLUSDT,bid,142,52803.0
2024-08-21 10:24:02,SOLUSDT,bid,142,52851.0
2024-08-21 10:24:06,SOLUSDT,bid,142,52956.0
2024-08-21 10:24:07,SOLUSDT,bid,142,52851.0
2024-08-21 10:24:08,SOLUSDT,bid,142,52781.0
2024-08-21 10:24:08,SOLUSDT,bid,142,52778.0
2024-08-21 10:24:10,SOLUSDT,bid,142,52777.0
2024-08-21 10:24:17,SOLUSDT,bid,142,52812.0
2024-08-21 10:24:17,SOLUSDT,bid,142,52777.0
2024-08-21 10:24:21,SOLUSDT,bid,142,52779.0
2024-08-21 10:24:21,SOLUSDT,bid,142,52877.0
2024-08-21 10:24:21,SOLUSDT,bid,142,52777.0
2024-08-21 10:24:26,SOLUSDT,bid,142,52778.0
2024-08-21 10:24:32,SOLUSDT,bid,142,52778.0
2024-08-21 10:24:47,SOLUSDT,bid,142,56703.0
2024-08-21 10:25:33,SOLUSDT,bid,142,56720.0
2024-08-21 10:26:30,SOLUSDT,bid,142,56727.0
2024-08-21 10:26:38,SOLUSDT,bid,142,56731.0
2024-08-21 10:26:40,SOLUSDT,bid,142,56720.0
2024-08-21 10:26:40,SOLUSDT,bid,142,56748.0
2024-08-21 10:26:40,SOLUSDT,bid,142,56741.0
2024-08-21 10:26:44,SOLUSDT,bid,142,56741.0
2024-08-21 10:27:01,SOLUSDT,bid,142,56740.0
2024-08-21 10:27:10,SOLUSDT,bid,142,56747.0
2024-08-21 10:27:10,SOLUSDT,bid,142,56740.0
2024-08-21 10:27:32,SOLUSDT,bid,142,57232.0
2024-08-21 10:27:55,SOLUSDT,bid,142,56740.0
2024-08-21 10:28:15,SOLUSDT,bid,142,56741.0
2024-08-21 10:28:21,SOLUSDT,bid,142,56721.0
2024-08-21 10:28:37,SOLUSDT,bid,142,56723.0
2024-08-21 10:28:37,SOLUSDT,bid,142,56721.0
2024-08-21 10:30:00,SOLUSDT,bid,142,56722.0
2024-08-21 10:30:01,SOLUSDT,bid,142,56721.0
2024-08-21 10:30:21,SOLUSDT,bid,142,56729.0
2024-08-21 10:30:31,SOLUSDT,bid,142,56721.0
2024-08-21 10:30:56,SOLUSDT,bid,142,56720.0
2024-08-21 10:31:48,SOLUSDT,bid,142,56470.0
2024-08-21 10:32:10,SOLUSDT,bid,142,56493.0
2024-08-21 10:32:40,SOLUSDT,bid,142,56743.0
2024-08-21 10:32:45,SOLUSDT,bid,142,56720.0
2024-08-21 10:32:46,SOLUSDT,bid,142,56721.0
2024-08-21 10:32:46,SOLUSDT,bid,142,56843.0
2024-08-21 10:32:47,SOLUSDT,bid,142,56721.0
2024-08-21 10:33:08,SOLUSDT,bid,142,56723.0
2024-08-21 10:33:09,SOLUSDT,bid,142,56726.0
2024-08-21 10:33:14,SOLUSDT,bid,142,56732.0
2024-08-21 10:33:23,SOLUSDT,bid,142,56730.0
2024-08-21 10:33:23,SOLUSDT,bid,142,56736.0
2024-08-21 10:33:32,SOLUSDT,bid,142,56728.0
2024-08-21 10:33:33,SOLUSDT,bid,142,56734.0
2024-08-21 10:33:33,SOLUSDT,bid,142,56745.0
2024-08-21 10:33:53,SOLUSDT,bid,142,56750.0
2024-08-21 10:33:54,SOLUSDT,bid,142,56727.0
2024-08-21 10:33:55,SOLUSDT,bid,142,56902.0
2024-08-21 10:33:56,SOLUSDT,bid,142,56777.0
2024-08-21 10:33:56,SOLUSDT,bid,142,56777.0
2024-08-21 10:33:56,SOLUSDT,bid,142,56777.0
2024-08-21 10:33:57,SOLUSDT,bid,142,56727.0
2024-08-21 10:33:57,SOLUSDT,bid,142,56777.0
2024-08-21 10:33:58,SOLUSDT,bid,142,56727.0
2024-08-21 10:33:58,SOLUSDT,bid,142,56777.0
2024-08-21 10:33:58,SOLUSDT,bid,142,56727.0
2024-08-21 10:34:00,SOLUSDT,bid,142,56477.0
2024-08-21 10:34:00,SOLUSDT,bid,142,56479.0
2024-08-21 10:34:01,SOLUSDT,bid,142,56468.0
2024-08-21 10:34:08,SOLUSDT,bid,142,56467.0
2024-08-21 10:34:09,SOLUSDT,bid,142,56466.0
2024-08-21 10:34:10,SOLUSDT,bid,142,56571.0
2024-08-21 10:34:10,SOLUSDT,bid,142,56466.0
2024-08-21 10:34:11,SOLUSDT,bid,142,56468.0
2024-08-21 10:34:12,SOLUSDT,bid,142,56466.0
2024-08-21 10:34:12,SOLUSDT,bid,142,56516.0
2024-08-21 10:34:12,SOLUSDT,bid,142,56516.0
2024-08-21 10:34:12,SOLUSDT,bid,142,56621.0
2024-08-21 10:34:13,SOLUSDT,bid,142,56571.0
2024-08-21 10:34:13,SOLUSDT,bid,142,56466.0
2024-08-21 10:34:15,SOLUSDT,bid,142,56516.0
2024-08-21 10:34:15,SOLUSDT,bid,142,56526.0
2024-08-21 10:34:16,SOLUSDT,bid,142,56526.0
2024-08-21 10:34:16,SOLUSDT,bid,142,56526.0
2024-08-21 10:34:16,SOLUSDT,bid,142,56526.0
2024-08-21 10:34:17,SOLUSDT,bid,142,56476.0
2024-08-21 10:34:17,SOLUSDT,bid,142,56526.0
2024-08-21 10:34:17,SOLUSDT,bid,142,56476.0
2024-08-21 10:34:18,SOLUSDT,bid,142,56526.0
2024-08-21 10:34:18,SOLUSDT,bid,142,56526.0
2024-08-21 10:34:19,SOLUSDT,bid,142,56476.0
2024-08-21 10:34:22,SOLUSDT,bid,142,56486.0
2024-08-21 10:34:22,SOLUSDT,bid,142,56536.0
2024-08-21 10:34:23,SOLUSDT,bid,142,56486.0
2024-08-21 10:34:23,SOLUSDT,bid,142,56487.0
2024-08-21 10:34:23,SOLUSDT,bid,142,56488.0
2024-08-21 10:34:23,SOLUSDT,bid,142,56489.0
2024-08-21 10:34:24,SOLUSDT,bid,142,56490.0
2024-08-21 10:34:26,SOLUSDT,bid,142,56634.0
2024-08-21 10:34:26,SOLUSDT,bid,142,56684.0
2024-08-21 10:34:26,SOLUSDT,bid,142,56634.0
2024-08-21 10:34:26,SOLUSDT,bid,142,56684.0
2024-08-21 10:34:27,SOLUSDT,bid,142,56634.0
2024-08-21 10:34:27,SOLUSDT,bid,142,56684.0
2024-08-21 10:34:27,SOLUSDT,bid,142,56544.0
2024-08-21 10:34:27,SOLUSDT,bid,142,56537.0
2024-08-21 10:34:27,SOLUSDT,bid,142,56538.0
2024-08-21 10:34:28,SOLUSDT,bid,142,56488.0
2024-08-21 10:34:35,SOLUSDT,bid,142,56500.0
2024-08-21 10:34:38,SOLUSDT,bid,142,56488.0
2024-08-21 10:34:38,SOLUSDT,bid,142,56538.0
2024-08-21 10:34:39,SOLUSDT,bid,142,56488.0
2024-08-21 10:34:39,SOLUSDT,bid,142,56538.0
2024-08-21 10:34:40,SOLUSDT,bid,142,56488.0
2024-08-21 10:34:40,SOLUSDT,bid,142,56538.0
2024-08-21 10:34:40,SOLUSDT,bid,142,56488.0
2024-08-21 10:34:41,SOLUSDT,bid,142,56538.0
2024-08-21 10:34:41,SOLUSDT,bid,142,56488.0
2024-08-21 10:34:41,SOLUSDT,bid,142,56538.0
2024-08-21 10:34:42,SOLUSDT,bid,142,56488.0
2024-08-21 10:34:43,SOLUSDT,bid,142,56538.0
2024-08-21 10:34:44,SOLUSDT,bid,142,56488.0
2024-08-21 10:34:45,SOLUSDT,bid,142,56538.0
2024-08-21 10:34:46,SOLUSDT,bid,142,56538.0
2024-08-21 10:34:46,SOLUSDT,bid,142,56488.0
2024-08-21 10:34:46,SOLUSDT,bid,142,56538.0
2024-08-21 10:34:47,SOLUSDT,bid,142,56713.0
2024-08-21 10:34:47,SOLUSDT,bid,142,56538.0
2024-08-21 10:34:47,SOLUSDT,bid,142,56538.0
2024-08-21 10:34:48,SOLUSDT,bid,142,56488.0
2024-08-21 10:34:48,SOLUSDT,bid,142,56538.0
2024-08-21 10:34:48,SOLUSDT,bid,142,56488.0
2024-08-21 10:34:48,SOLUSDT,bid,142,56538.0
2024-08-21 10:34:49,SOLUSDT,bid,142,56538.0
2024-08-21 10:34:49,SOLUSDT,bid,142,56488.0
2024-08-21 10:34:50,SOLUSDT,bid,142,56538.0
2024-08-21 10:34:50,SOLUSDT,bid,142,56538.0
2024-08-21 10:34:51,SOLUSDT,bid,142,56488.0
2024-08-21 10:34:51,SOLUSDT,bid,142,56538.0
2024-08-21 10:34:52,SOLUSDT,bid,142,56488.0
2024-08-21 10:34:52,SOLUSDT,bid,142,56538.0
2024-08-21 10:34:53,SOLUSDT,bid,142,56488.0
2024-08-21 10:34:53,SOLUSDT,bid,142,56538.0
2024-08-21 10:34:53,SOLUSDT,bid,142,56488.0
2024-08-21 10:34:53,SOLUSDT,bid,142,56538.0
2024-08-21 10:34:54,SOLUSDT,bid,142,56538.0
2024-08-21 10:34:54,SOLUSDT,bid,142,56538.0
2024-08-21 10:34:55,SOLUSDT,bid,142,56528.0
2024-08-21 10:34:55,SOLUSDT,bid,142,56478.0
2024-08-21 10:34:55,SOLUSDT,bid,142,56528.0
2024-08-21 10:34:55,SOLUSDT,bid,142,56478.0
2024-08-21 10:34:55,SOLUSDT,bid,142,56528.0
2024-08-21 10:34:56,SOLUSDT,bid,142,56530.0
2024-08-21 10:34:56,SOLUSDT,bid,142,56587.0
2024-08-21 10:34:56,SOLUSDT,bid,142,56691.0
2024-08-21 10:34:56,SOLUSDT,bid,142,56586.0
2024-08-21 10:34:57,SOLUSDT,bid,142,56636.0
2024-08-21 10:34:58,SOLUSDT,bid,142,56586.0
2024-08-21 10:34:59,SOLUSDT,bid,142,56481.0
2024-08-21 10:34:59,SOLUSDT,bid,142,56531.0
2024-08-21 10:35:00,SOLUSDT,bid,142,56531.0
2024-08-21 10:35:00,SOLUSDT,bid,142,56530.0
2024-08-21 10:35:00,SOLUSDT,bid,142,56480.0
2024-08-21 10:35:01,SOLUSDT,bid,142,56530.0
2024-08-21 10:35:01,SOLUSDT,bid,142,56480.0
2024-08-21 10:35:01,SOLUSDT,bid,142,56530.0
2024-08-21 10:35:02,SOLUSDT,bid,142,56530.0
2024-08-21 10:35:02,SOLUSDT,bid,142,56480.0
2024-08-21 10:35:03,SOLUSDT,bid,142,56544.0
2024-08-21 10:35:03,SOLUSDT,bid,142,56594.0
2024-08-21 10:35:03,SOLUSDT,bid,142,56592.0
2024-08-21 10:35:04,SOLUSDT,bid,142,56542.0
2024-08-21 10:35:05,SOLUSDT,bid,142,56592.0
2024-08-21 10:35:05,SOLUSDT,bid,142,56528.0
2024-08-21 10:35:05,SOLUSDT,bid,142,56478.0
2024-08-21 10:35:10,SOLUSDT,bid,142,56494.0
2024-08-21 10:35:12,SOLUSDT,bid,142,56544.0
2024-08-21 10:35:13,SOLUSDT,bid,142,56545.0
2024-08-21 10:35:13,SOLUSDT,bid,142,56495.0
2024-08-21 10:35:14,SOLUSDT,bid,142,56545.0
2024-08-21 10:35:14,SOLUSDT,bid,142,56495.0
2024-08-21 10:35:15,SOLUSDT,bid,142,56479.0
2024-08-21 10:35:16,SOLUSDT,bid,142,56529.0
2024-08-21 10:35:16,SOLUSDT,bid,142,56479.0
2024-08-21 10:35:16,SOLUSDT,bid,142,56529.0
2024-08-21 10:35:18,SOLUSDT,bid,142,56479.0
2024-08-21 10:35:18,SOLUSDT,bid,142,56584.0
2024-08-21 10:35:19,SOLUSDT,bid,142,56486.0
2024-08-21 10:35:20,SOLUSDT,bid,142,56536.0
2024-08-21 10:35:21,SOLUSDT,bid,142,56536.0
2024-08-21 10:35:21,SOLUSDT,bid,142,56486.0
2024-08-21 10:35:21,SOLUSDT,bid,142,56536.0
2024-08-21 10:35:22,SOLUSDT,bid,142,56486.0
2024-08-21 10:35:22,SOLUSDT,bid,142,56536.0
2024-08-21 10:35:22,SOLUSDT,bid,142,56486.0
2024-08-21 10:35:22,SOLUSDT,bid,142,56536.0
2024-08-21 10:35:23,SOLUSDT,bid,142,56536.0
2024-08-21 10:35:23,SOLUSDT,bid,142,56536.0
2024-08-21 10:35:25,SOLUSDT,bid,142,56571.0
2024-08-21 10:35:25,SOLUSDT,bid,142,56521.0
2024-08-21 10:35:26,SOLUSDT,bid,142,56591.0
2024-08-21 10:35:28,SOLUSDT,bid,142,56486.0
2024-08-21 10:35:30,SOLUSDT,bid,142,56536.0
2024-08-21 10:35:31,SOLUSDT,bid,142,56536.0
2024-08-21 10:35:31,SOLUSDT,bid,142,56485.0
2024-08-21 10:35:31,SOLUSDT,bid,142,56497.0
2024-08-21 10:35:31,SOLUSDT,bid,142,56547.0
2024-08-21 10:35:32,SOLUSDT,bid,142,56497.0
2024-08-21 10:35:32,SOLUSDT,bid,142,56547.0
2024-08-21 10:35:32,SOLUSDT,bid,142,56535.0
2024-08-21 10:35:33,SOLUSDT,bid,142,56534.0
2024-08-21 10:35:33,SOLUSDT,bid,142,56527.0
2024-08-21 10:35:33,SOLUSDT,bid,142,56668.0
2024-08-21 10:35:35,SOLUSDT,bid,142,56489.0
2024-08-21 10:35:40,SOLUSDT,bid,142,56505.0
2024-08-21 10:35:41,SOLUSDT,bid,142,56507.0
2024-08-21 10:35:41,SOLUSDT,bid,142,56577.0
2024-08-21 10:35:42,SOLUSDT,bid,142,56682.0
2024-08-21 10:35:42,SOLUSDT,bid,142,56577.0
2024-08-21 10:35:42,SOLUSDT,bid,142,56507.0
2024-08-21 10:35:42,SOLUSDT,bid,142,56506.0
2024-08-21 10:35:44,SOLUSDT,bid,142,56505.0
2024-08-21 10:35:45,SOLUSDT,bid,142,56505.0
2024-08-21 10:35:46,SOLUSDT,bid,142,56555.0
2024-08-21 10:35:47,SOLUSDT,bid,142,56505.0
2024-08-21 10:35:50,SOLUSDT,bid,142,56489.0
2024-08-21 10:35:53,SOLUSDT,bid,142,56497.0
2024-08-21 10:35:54,SOLUSDT,bid,142,56597.0
2024-08-21 10:35:54,SOLUSDT,bid,142,56489.0
2024-08-21 10:35:58,SOLUSDT,bid,142,58211.0
2024-08-21 10:35:58,SOLUSDT,bid,142,58211.0
2024-08-21 10:35:58,SOLUSDT,bid,142,56489.0
2024-08-21 10:36:16,SOLUSDT,bid,142,56490.0
2024-08-21 10:36:24,SOLUSDT,bid,142,56493.0
2024-08-21 10:36:26,SOLUSDT,bid,142,56498.0
2024-08-21 10:36:29,SOLUSDT,bid,142,56497.0
2024-08-21 10:36:32,SOLUSDT,bid,142,56494.0
2024-08-21 10:36:32,SOLUSDT,bid,142,56494.0
2024-08-21 10:36:32,SOLUSDT,bid,142,56498.0
2024-08-21 10:36:32,SOLUSDT,bid,142,56510.0
2024-08-21 10:36:33,SOLUSDT,bid,142,56522.0
2024-08-21 10:36:34,SOLUSDT,bid,142,56523.0
2024-08-21 10:36:35,SOLUSDT,bid,142,56541.0
2024-08-21 10:36:35,SOLUSDT,bid,142,56517.0
2024-08-21 10:36:40,SOLUSDT,bid,142,56499.0
2024-08-21 10:36:43,SOLUSDT,bid,142,56495.0
2024-08-21 10:36:44,SOLUSDT,bid,142,56519.0
2024-08-21 10:36:44,SOLUSDT,bid,142,56520.0
2024-08-21 10:36:45,SOLUSDT,bid,142,56523.0
2024-08-21 10:36:50,SOLUSDT,bid,142,56523.0
2024-08-21 10:36:55,SOLUSDT,bid,142,56520.0
2024-08-21 10:36:55,SOLUSDT,bid,142,56536.0
2024-08-21 10:36:56,SOLUSDT,bid,142,56512.0
2024-08-21 10:36:57,SOLUSDT,bid,142,56511.0
2024-08-21 10:36:59,SOLUSDT,bid,142,56511.0
2024-08-21 10:37:00,SOLUSDT,bid,142,56495.0
2024-08-21 10:37:45,SOLUSDT,bid,142,56511.0
2024-08-21 10:37:50,SOLUSDT,bid,142,56496.0
2024-08-21 10:37:55,SOLUSDT,bid,142,56511.0
2024-08-21 10:37:56,SOLUSDT,bid,142,56561.0
2024-08-21 10:37:57,SOLUSDT,bid,142,56511.0
2024-08-21 10:38:00,SOLUSDT,bid,142,56511.0
2024-08-21 10:38:01,SOLUSDT,bid,142,56516.0
2024-08-21 10:38:05,SOLUSDT,bid,142,56521.0
2024-08-21 10:38:05,SOLUSDT,bid,142,56505.0
2024-08-21 10:38:09,SOLUSDT,bid,142,56610.0
2024-08-21 10:38:12,SOLUSDT,bid,142,56505.0
2024-08-21 10:38:23,SOLUSDT,bid,142,56504.0
2024-08-21 10:38:24,SOLUSDT,bid,142,56579.0
2024-08-21 10:38:24,SOLUSDT,bid,142,56574.0
2024-08-21 10:38:24,SOLUSDT,bid,142,56669.0
2024-08-21 10:38:24,SOLUSDT,bid,142,56619.0
2024-08-21 10:38:25,SOLUSDT,bid,142,56669.0
2024-08-21 10:38:25,SOLUSDT,bid,142,56619.0
2024-08-21 10:38:25,SOLUSDT,bid,142,56669.0
2024-08-21 10:38:26,SOLUSDT,bid,142,56619.0
2024-08-21 10:38:27,SOLUSDT,bid,142,56620.0
2024-08-21 10:38:28,SOLUSDT,bid,142,56670.0
2024-08-21 10:38:28,SOLUSDT,bid,142,56620.0
2024-08-21 10:38:30,SOLUSDT,bid,142,56678.0
2024-08-21 10:38:30,SOLUSDT,bid,142,56670.0
2024-08-21 10:38:30,SOLUSDT,bid,142,56600.0
2024-08-21 10:38:30,SOLUSDT,bid,142,56587.0
2024-08-21 10:38:32,SOLUSDT,bid,142,56567.0
2024-08-21 10:38:37,SOLUSDT,bid,142,56576.0
2024-08-21 10:38:37,SOLUSDT,bid,142,56576.0
2024-08-21 10:38:37,SOLUSDT,bid,142,56576.0
2024-08-21 10:38:39,SOLUSDT,bid,142,56578.0
2024-08-21 10:38:39,SOLUSDT,bid,142,56576.0
2024-08-21 10:38:40,SOLUSDT,bid,142,56567.0
2024-08-21 10:38:43,SOLUSDT,bid,142,56519.0
2024-08-21 10:38:43,SOLUSDT,bid,142,56567.0
2024-08-21 10:38:44,SOLUSDT,bid,142,56595.0
2024-08-21 10:38:44,SOLUSDT,bid,142,56567.0
2024-08-21 10:38:44,SOLUSDT,bid,142,56542.0
2024-08-21 10:38:44,SOLUSDT,bid,142,56519.0
2024-08-21 10:38:44,SOLUSDT,bid,142,56511.0
2024-08-21 10:38:45,SOLUSDT,bid,142,56522.0
2024-08-21 10:38:45,SOLUSDT,bid,142,56558.0
2024-08-21 10:38:45,SOLUSDT,bid,142,56533.0
2024-08-21 10:38:46,SOLUSDT,bid,142,56497.0
2024-08-21 10:38:48,SOLUSDT,bid,142,56486.0
2024-08-21 10:38:50,SOLUSDT,bid,142,56490.0
2024-08-21 10:38:54,SOLUSDT,bid,142,56486.0
2024-08-21 10:38:55,SOLUSDT,bid,142,56486.0
2024-08-21 10:38:58,SOLUSDT,bid,142,56512.0
2024-08-21 10:39:00,SOLUSDT,bid,142,56512.0
2024-08-21 10:39:01,SOLUSDT,bid,142,56486.0
2024-08-21 10:39:01,SOLUSDT,bid,142,56502.0
2024-08-21 10:39:01,SOLUSDT,bid,142,56486.0
2024-08-21 10:39:01,SOLUSDT,bid,142,56494.0
2024-08-21 10:39:01,SOLUSDT,bid,142,56486.0
2024-08-21 10:39:01,SOLUSDT,bid,142,56494.0
2024-08-21 10:39:01,SOLUSDT,bid,142,56494.0
2024-08-21 10:39:02,SOLUSDT,bid,142,56472.0
2024-08-21 10:39:02,SOLUSDT,bid,142,56468.0
2024-08-21 10:39:02,SOLUSDT,bid,142,56472.0
2024-08-21 10:39:02,SOLUSDT,bid,142,56472.0
2024-08-21 10:39:02,SOLUSDT,bid,142,56472.0
2024-08-21 10:39:02,SOLUSDT,bid,142,56468.0
2024-08-21 10:39:07,SOLUSDT,bid,142,53699.0
2024-08-21 10:39:11,SOLUSDT,bid,142,53699.0
2024-08-21 10:39:17,SOLUSDT,bid,142,53702.0
2024-08-21 10:39:18,SOLUSDT,bid,142,53740.0
2024-08-21 10:39:18,SOLUSDT,bid,142,53737.0
2024-08-21 10:39:20,SOLUSDT,bid,142,53822.0
2024-08-21 10:39:20,SOLUSDT,bid,142,53831.0
2024-08-21 10:39:20,SOLUSDT,bid,142,53797.0
2024-08-21 10:39:21,SOLUSDT,bid,142,53747.0
2024-08-21 10:39:21,SOLUSDT,bid,142,53764.0
2024-08-21 10:39:21,SOLUSDT,bid,142,53757.0
2024-08-21 10:39:21,SOLUSDT,bid,142,53758.0
2024-08-21 10:39:21,SOLUSDT,bid,142,53757.0
2024-08-21 10:39:21,SOLUSDT,bid,142,53806.0
2024-08-21 10:39:22,SOLUSDT,bid,142,53790.0
2024-08-21 10:39:22,SOLUSDT,bid,142,53740.0
2024-08-21 10:39:25,SOLUSDT,bid,142,53714.0
2024-08-21 10:39:31,SOLUSDT,bid,142,53764.0
2024-08-21 10:39:31,SOLUSDT,bid,142,53714.0
2024-08-21 10:39:31,SOLUSDT,bid,142,53713.0
2024-08-21 10:39:35,SOLUSDT,bid,142,53763.0
2024-08-21 10:39:35,SOLUSDT,bid,142,53763.0
2024-08-21 10:39:36,SOLUSDT,bid,142,53713.0
2024-08-21 10:39:38,SOLUSDT,bid,142,53763.0
2024-08-21 10:39:39,SOLUSDT,bid,142,53763.0
2024-08-21 10:39:39,SOLUSDT,bid,142,53797.0
2024-08-21 10:39:40,SOLUSDT,bid,142,53747.0
2024-08-21 10:39:40,SOLUSDT,bid,142,53797.0
2024-08-21 10:39:40,SOLUSDT,bid,142,53762.0
2024-08-21 10:39:40,SOLUSDT,bid,142,53712.0
2024-08-21 10:39:41,SOLUSDT,bid,142,53715.0
2024-08-21 10:39:42,SOLUSDT,bid,142,53765.0
2024-08-21 10:39:42,SOLUSDT,bid,142,53765.0
2024-08-21 10:39:43,SOLUSDT,bid,142,53765.0
2024-08-21 10:39:44,SOLUSDT,bid,142,53715.0
2024-08-21 10:39:44,SOLUSDT,bid,142,53765.0
2024-08-21 10:39:44,SOLUSDT,bid,142,53765.0
2024-08-21 10:39:44,SOLUSDT,bid,142,53765.0
2024-08-21 10:39:45,SOLUSDT,bid,142,53715.0
2024-08-21 10:39:45,SOLUSDT,bid,142,53765.0
2024-08-21 10:39:45,SOLUSDT,bid,142,53765.0
2024-08-21 10:39:46,SOLUSDT,bid,142,53765.0
2024-08-21 10:39:46,SOLUSDT,bid,142,53765.0
2024-08-21 10:39:47,SOLUSDT,bid,142,53799.0
2024-08-21 10:39:47,SOLUSDT,bid,142,53764.0
2024-08-21 10:39:47,SOLUSDT,bid,142,53771.0
2024-08-21 10:39:47,SOLUSDT,bid,142,53771.0
2024-08-21 10:39:47,SOLUSDT,bid,142,53771.0
2024-08-21 10:39:47,SOLUSDT,bid,142,53721.0
2024-08-21 10:39:48,SOLUSDT,bid,142,53714.0
2024-08-21 10:39:48,SOLUSDT,bid,142,53740.0
2024-08-21 10:39:51,SOLUSDT,bid,142,53764.0
2024-08-21 10:39:53,SOLUSDT,bid,142,53925.0
2024-08-21 10:39:53,SOLUSDT,bid,142,53925.0
2024-08-21 10:39:58,SOLUSDT,bid,142,53750.0
2024-08-21 10:40:02,SOLUSDT,bid,142,53820.0
2024-08-21 10:40:02,SOLUSDT,bid,142,53792.0
2024-08-21 10:40:03,SOLUSDT,bid,142,53768.0
2024-08-21 10:40:03,SOLUSDT,bid,142,53763.0
2024-08-21 10:40:04,SOLUSDT,bid,142,53797.0
2024-08-21 10:40:04,SOLUSDT,bid,142,53847.0
2024-08-21 10:40:04,SOLUSDT,bid,142,53721.0
2024-08-21 10:40:05,SOLUSDT,bid,142,53714.0
2024-08-21 10:40:08,SOLUSDT,bid,142,53721.0
2024-08-21 10:40:13,SOLUSDT,bid,142,53714.0
2024-08-21 10:40:16,SOLUSDT,bid,142,53749.0
2024-08-21 10:40:18,SOLUSDT,bid,142,53784.0
2024-08-21 10:40:19,SOLUSDT,bid,142,53792.0
2024-08-21 10:40:19,SOLUSDT,bid,142,53798.0
2024-08-21 10:40:19,SOLUSDT,bid,142,53728.0
2024-08-21 10:40:20,SOLUSDT,bid,142,53763.0
2024-08-21 10:40:20,SOLUSDT,bid,142,53798.0
2024-08-21 10:40:21,SOLUSDT,bid,142,53848.0
2024-08-21 10:40:21,SOLUSDT,bid,142,53798.0
2024-08-21 10:40:22,SOLUSDT,bid,142,53848.0
2024-08-21 10:40:22,SOLUSDT,bid,142,53798.0
2024-08-21 10:40:22,SOLUSDT,bid,142,53848.0
2024-08-21 10:40:23,SOLUSDT,bid,142,53798.0
2024-08-21 10:40:23,SOLUSDT,bid,142,53848.0
2024-08-21 10:40:24,SOLUSDT,bid,142,53848.0
2024-08-21 10:40:24,SOLUSDT,bid,142,53798.0
2024-08-21 10:40:24,SOLUSDT,bid,142,53848.0
2024-08-21 10:40:25,SOLUSDT,bid,142,53848.0
2024-08-21 10:40:25,SOLUSDT,bid,142,53798.0
2024-08-21 10:40:26,SOLUSDT,bid,142,53778.0
2024-08-21 10:40:26,SOLUSDT,bid,142,53728.0
2024-08-21 10:40:32,SOLUSDT,bid,142,53798.0
2024-08-21 10:40:32,SOLUSDT,bid,142,53728.0
2024-08-21 10:40:37,SOLUSDT,bid,142,53833.0
2024-08-21 10:40:44,SOLUSDT,bid,142,53728.0
2024-08-21 10:40:44,SOLUSDT,bid,142,53714.0
2024-08-21 10:40:44,SOLUSDT,bid,142,53721.0
2024-08-21 10:40:45,SOLUSDT,bid,142,53720.0
2024-08-21 10:40:46,SOLUSDT,bid,142,53724.0
2024-08-21 10:40:48,SOLUSDT,bid,142,53721.0
2024-08-21 10:40:52,SOLUSDT,bid,142,53720.0
2024-08-21 10:40:54,SOLUSDT,bid,142,54059.0
2024-08-21 10:41:04,SOLUSDT,bid,142,54068.0
2024-08-21 10:41:08,SOLUSDT,bid,142,54079.0
2024-08-21 10:41:12,SOLUSDT,bid,142,53729.0
2024-08-21 10:41:15,SOLUSDT,bid,142,53779.0
2024-08-21 10:41:16,SOLUSDT,bid,142,53779.0
2024-08-21 10:41:16,SOLUSDT,bid,142,53729.0
2024-08-21 10:41:16,SOLUSDT,bid,142,53779.0
2024-08-21 10:41:17,SOLUSDT,bid,142,53779.0
2024-08-21 10:41:17,SOLUSDT,bid,142,53729.0
2024-08-21 10:41:18,SOLUSDT,bid,142,53779.0
2024-08-21 10:41:18,SOLUSDT,bid,142,53729.0
2024-08-21 10:41:18,SOLUSDT,bid,142,53779.0
2024-08-21 10:41:18,SOLUSDT,bid,142,53729.0
2024-08-21 10:41:18,SOLUSDT,bid,142,53779.0
2024-08-21 10:41:19,SOLUSDT,bid,142,53729.0
2024-08-21 10:41:19,SOLUSDT,bid,142,53779.0
2024-08-21 10:41:19,SOLUSDT,bid,142,53729.0
2024-08-21 10:41:19,SOLUSDT,bid,142,53729.0
2024-08-21 10:41:20,SOLUSDT,bid,142,53779.0
2024-08-21 10:41:20,SOLUSDT,bid,142,53779.0
2024-08-21 10:41:20,SOLUSDT,bid,142,53729.0
2024-08-21 10:41:20,SOLUSDT,bid,142,53779.0
2024-08-21 10:41:21,SOLUSDT,bid,142,53779.0
2024-08-21 10:41:21,SOLUSDT,bid,142,53729.0
2024-08-21 10:41:22,SOLUSDT,bid,142,53779.0
2024-08-21 10:41:22,SOLUSDT,bid,142,53779.0
2024-08-21 10:41:23,SOLUSDT,bid,142,53729.0
2024-08-21 10:41:23,SOLUSDT,bid,142,53779.0
2024-08-21 10:41:23,SOLUSDT,bid,142,53729.0
2024-08-21 10:41:23,SOLUSDT,bid,142,53779.0
2024-08-21 10:41:24,SOLUSDT,bid,142,53779.0
2024-08-21 10:41:24,SOLUSDT,bid,142,53729.0
2024-08-21 10:41:25,SOLUSDT,bid,142,53731.0
2024-08-21 10:41:29,SOLUSDT,bid,142,53729.0
2024-08-21 10:41:33,SOLUSDT,bid,142,53773.0
2024-08-21 10:41:34,SOLUSDT,bid,142,53736.0
2024-08-21 10:41:39,SOLUSDT,bid,142,53764.0
2024-08-21 10:41:39,SOLUSDT,bid,142,53779.0
2024-08-21 10:41:41,SOLUSDT,bid,142,53789.0
2024-08-21 10:41:41,SOLUSDT,bid,142,53813.0
2024-08-21 10:41:42,SOLUSDT,bid,142,53810.0
2024-08-21 10:41:42,SOLUSDT,bid,142,53806.0
2024-08-21 10:41:43,SOLUSDT,bid,142,53756.0
2024-08-21 10:41:43,SOLUSDT,bid,142,53762.0
2024-08-21 10:41:44,SOLUSDT,bid,142,53756.0
2024-08-21 10:41:44,SOLUSDT,bid,142,53731.0
2024-08-21 10:41:45,SOLUSDT,bid,142,53745.0
2024-08-21 10:41:45,SOLUSDT,bid,142,53731.0
2024-08-21 10:41:45,SOLUSDT,bid,142,53766.0
2024-08-21 10:41:46,SOLUSDT,bid,142,53731.0
2024-08-21 10:41:48,SOLUSDT,bid,142,53781.0
2024-08-21 10:41:48,SOLUSDT,bid,142,53731.0
2024-08-21 10:41:48,SOLUSDT,bid,142,53729.0
2024-08-21 10:41:48,SOLUSDT,bid,142,53779.0
2024-08-21 10:41:49,SOLUSDT,bid,142,53729.0
2024-08-21 10:41:50,SOLUSDT,bid,142,53779.0
2024-08-21 10:41:51,SOLUSDT,bid,142,53779.0
2024-08-21 10:41:51,SOLUSDT,bid,142,53729.0
2024-08-21 10:41:52,SOLUSDT,bid,142,53779.0
2024-08-21 10:41:52,SOLUSDT,bid,142,53729.0
2024-08-21 10:41:52,SOLUSDT,bid,142,53736.0
2024-08-21 10:41:59,SOLUSDT,bid,142,53779.0
2024-08-21 10:41:59,SOLUSDT,bid,142,53729.0
2024-08-21 10:42:00,SOLUSDT,bid,142,53740.0
2024-08-21 10:42:05,SOLUSDT,bid,142,53743.0
2024-08-21 10:42:17,SOLUSDT,bid,142,53787.0
2024-08-21 10:42:17,SOLUSDT,bid,142,53752.0
2024-08-21 10:42:17,SOLUSDT,bid,142,53717.0
2024-08-21 10:42:18,SOLUSDT,bid,142,53749.0
2024-08-21 10:42:18,SOLUSDT,bid,142,53717.0
2024-08-21 10:42:19,SOLUSDT,bid,142,53716.0
2024-08-21 10:42:23,SOLUSDT,bid,142,53776.0
2024-08-21 10:42:25,SOLUSDT,bid,142,53779.0
2024-08-21 10:42:25,SOLUSDT,bid,142,53783.0
2024-08-21 10:42:27,SOLUSDT,bid,142,53779.0
2024-08-21 10:42:27,SOLUSDT,bid,142,53771.0
2024-08-21 10:42:27,SOLUSDT,bid,142,53780.0
2024-08-21 10:42:27,SOLUSDT,bid,142,53781.0
2024-08-21 10:42:28,SOLUSDT,bid,142,53250.0
2024-08-21 10:42:28,SOLUSDT,bid,142,53250.0
2024-08-21 10:42:28,SOLUSDT,bid,142,53250.0
2024-08-21 10:42:29,SOLUSDT,bid,142,53253.0
2024-08-21 10:42:29,SOLUSDT,bid,142,53250.0
2024-08-21 10:42:29,SOLUSDT,bid,142,53250.0
2024-08-21 10:42:30,SOLUSDT,bid,142,53253.0
2024-08-21 10:42:33,SOLUSDT,bid,142,53256.0
2024-08-21 10:42:33,SOLUSDT,bid,142,53259.0
2024-08-21 10:42:34,SOLUSDT,bid,142,53258.0
2024-08-21 10:42:36,SOLUSDT,bid,142,53257.0
2024-08-21 10:42:36,SOLUSDT,bid,142,53251.0
2024-08-21 10:42:37,SOLUSDT,bid,142,53255.0
2024-08-21 10:42:37,SOLUSDT,bid,142,53251.0
2024-08-21 10:42:39,SOLUSDT,bid,142,53265.0
2024-08-21 10:42:40,SOLUSDT,bid,142,53264.0
2024-08-21 10:42:40,SOLUSDT,bid,142,53425.0
2024-08-21 10:42:40,SOLUSDT,bid,142,53437.0
2024-08-21 10:42:42,SOLUSDT,bid,142,53425.0
2024-08-21 10:42:43,SOLUSDT,bid,142,53430.0
2024-08-21 10:42:47,SOLUSDT,bid,142,53425.0
2024-08-21 10:42:51,SOLUSDT,bid,142,53426.0
2024-08-21 10:43:01,SOLUSDT,bid,142,53251.0
2024-08-21 10:43:01,SOLUSDT,bid,142,53351.0
2024-08-21 10:43:01,SOLUSDT,bid,142,53451.0
2024-08-21 10:43:01,SOLUSDT,bid,142,53351.0
2024-08-21 10:43:02,SOLUSDT,bid,142,53251.0
2024-08-21 10:43:05,SOLUSDT,bid,142,53351.0
2024-08-21 10:43:05,SOLUSDT,bid,142,53251.0
2024-08-21 10:43:07,SOLUSDT,bid,142,53251.0
2024-08-21 10:43:07,SOLUSDT,bid,142,53301.0
2024-08-21 10:43:07,SOLUSDT,bid,142,53406.0
2024-08-21 10:43:08,SOLUSDT,bid,142,53356.0
2024-08-21 10:43:10,SOLUSDT,bid,142,53351.0
2024-08-21 10:43:10,SOLUSDT,bid,142,53251.0
2024-08-21 10:43:11,SOLUSDT,bid,142,53251.0
2024-08-21 10:43:11,SOLUSDT,bid,142,53351.0
2024-08-21 10:43:11,SOLUSDT,bid,142,53357.0
2024-08-21 10:43:12,SOLUSDT,bid,142,53257.0
2024-08-21 10:43:13,SOLUSDT,bid,142,53357.0
2024-08-21 10:43:13,SOLUSDT,bid,142,53257.0
2024-08-21 10:43:16,SOLUSDT,bid,142,53307.0
2024-08-21 10:43:16,SOLUSDT,bid,142,53410.0
2024-08-21 10:43:17,SOLUSDT,bid,142,53410.0
2024-08-21 10:43:22,SOLUSDT,bid,142,53360.0
2024-08-21 10:43:22,SOLUSDT,bid,142,53410.0
2024-08-21 10:43:22,SOLUSDT,bid,142,53360.0
2024-08-21 10:43:22,SOLUSDT,bid,142,53410.0
2024-08-21 10:43:23,SOLUSDT,bid,142,53257.0
2024-08-21 10:43:30,SOLUSDT,bid,142,53269.0
2024-08-21 10:43:34,SOLUSDT,bid,142,53274.0
2024-08-21 10:43:34,SOLUSDT,bid,142,53262.0
2024-08-21 10:43:35,SOLUSDT,bid,142,53312.0
2024-08-21 10:43:35,SOLUSDT,bid,142,53312.0
2024-08-21 10:43:36,SOLUSDT,bid,142,53312.0
2024-08-21 10:43:37,SOLUSDT,bid,142,53262.0
2024-08-21 10:43:40,SOLUSDT,bid,142,53256.0
2024-08-21 10:43:40,SOLUSDT,bid,142,53257.0
2024-08-21 10:43:41,SOLUSDT,bid,142,53287.0
2024-08-21 10:43:41,SOLUSDT,bid,142,53283.0
2024-08-21 10:43:43,SOLUSDT,bid,142,53289.0
2024-08-21 10:43:43,SOLUSDT,bid,142,53272.0
2024-08-21 10:43:45,SOLUSDT,bid,142,53265.0
2024-08-21 10:43:46,SOLUSDT,bid,142,53321.0
2024-08-21 10:43:58,SOLUSDT,bid,142,53391.0
2024-08-21 10:43:59,SOLUSDT,bid,142,53356.0
2024-08-21 10:43:59,SOLUSDT,bid,142,53356.0
2024-08-21 10:44:01,SOLUSDT,bid,142,53406.0
2024-08-21 10:44:01,SOLUSDT,bid,142,53356.0
2024-08-21 10:44:02,SOLUSDT,bid,142,53406.0
2024-08-21 10:44:02,SOLUSDT,bid,142,53356.0
2024-08-21 10:44:02,SOLUSDT,bid,142,53321.0
2024-08-21 10:44:03,SOLUSDT,bid,142,53330.0
2024-08-21 10:44:04,SOLUSDT,bid,142,53321.0
2024-08-21 10:44:04,SOLUSDT,bid,142,53292.0
2024-08-21 10:44:06,SOLUSDT,bid,142,53321.0
2024-08-21 10:44:06,SOLUSDT,bid,142,53321.0
2024-08-21 10:44:07,SOLUSDT,bid,142,53292.0
2024-08-21 10:44:08,SOLUSDT,bid,142,53293.0
2024-08-21 10:44:11,SOLUSDT,bid,142,53302.0
2024-08-21 10:44:14,SOLUSDT,bid,142,53293.0
2024-08-21 10:44:16,SOLUSDT,bid,142,53302.0
2024-08-21 10:44:21,SOLUSDT,bid,142,53307.0
2024-08-21 10:44:21,SOLUSDT,bid,142,53336.0
2024-08-21 10:44:21,SOLUSDT,bid,142,53336.0
2024-08-21 10:44:21,SOLUSDT,bid,142,53342.0
2024-08-21 10:44:21,SOLUSDT,bid,142,53307.0
2024-08-21 10:44:22,SOLUSDT,bid,142,53313.0
2024-08-21 10:44:22,SOLUSDT,bid,142,53307.0
2024-08-21 10:44:22,SOLUSDT,bid,142,53307.0
2024-08-21 10:44:24,SOLUSDT,bid,142,53307.0
2024-08-21 10:44:26,SOLUSDT,bid,142,53336.0
2024-08-21 10:44:27,SOLUSDT,bid,142,53327.0
2024-08-21 10:44:28,SOLUSDT,bid,142,53298.0
2024-08-21 10:44:28,SOLUSDT,bid,142,53327.0
2024-08-21 10:44:29,SOLUSDT,bid,142,53298.0
2024-08-21 10:44:29,SOLUSDT,bid,142,53327.0
2024-08-21 10:44:30,SOLUSDT,bid,142,53298.0
2024-08-21 10:44:30,SOLUSDT,bid,142,53327.0
2024-08-21 10:44:31,SOLUSDT,bid,142,53377.0
2024-08-21 10:44:31,SOLUSDT,bid,142,53327.0
2024-08-21 10:44:31,SOLUSDT,bid,142,53322.0
2024-08-21 10:44:32,SOLUSDT,bid,142,53293.0
2024-08-21 10:44:32,SOLUSDT,bid,142,53322.0
2024-08-21 10:44:32,SOLUSDT,bid,142,53261.0
2024-08-21 10:44:32,SOLUSDT,bid,142,53257.0
2024-08-21 10:44:37,SOLUSDT,bid,142,53268.0
2024-08-21 10:44:37,SOLUSDT,bid,142,53296.0
2024-08-21 10:44:37,SOLUSDT,bid,142,53289.0
2024-08-21 10:44:38,SOLUSDT,bid,142,53290.0
2024-08-21 10:44:38,SOLUSDT,bid,142,53319.0
2024-08-21 10:44:39,SOLUSDT,bid,142,53369.0
2024-08-21 10:44:40,SOLUSDT,bid,142,53319.0
2024-08-21 10:44:40,SOLUSDT,bid,142,53256.0
2024-08-21 10:44:48,SOLUSDT,bid,142,53259.0
2024-08-21 10:44:52,SOLUSDT,bid,142,53262.0
2024-08-21 10:44:52,SOLUSDT,bid,142,53265.0
2024-08-21 10:44:54,SOLUSDT,bid,142,53256.0
2024-08-21 10:44:59,SOLUSDT,bid,142,53259.0
2024-08-21 10:44:59,SOLUSDT,bid,142,53256.0
2024-08-21 10:44:59,SOLUSDT,bid,142,53265.0
2024-08-21 10:45:00,SOLUSDT,bid,142,53259.0
2024-08-21 10:45:00,SOLUSDT,bid,142,53256.0
2024-08-21 10:45:00,SOLUSDT,bid,142,53256.0
2024-08-21 10:45:00,SOLUSDT,bid,142,53256.0
2024-08-21 10:45:01,SOLUSDT,bid,142,53240.0
2024-08-21 10:45:01,SOLUSDT,bid,142,53244.0
2024-08-21 10:45:01,SOLUSDT,bid,142,53248.0
2024-08-21 10:45:01,SOLUSDT,bid,142,53249.0
2024-08-21 10:45:01,SOLUSDT,bid,142,53251.0
2024-08-21 10:45:01,SOLUSDT,bid,142,53261.0
2024-08-21 10:45:02,SOLUSDT,bid,142,53251.0
2024-08-21 10:45:02,SOLUSDT,bid,142,53252.0
2024-08-21 10:45:02,SOLUSDT,bid,142,53261.0
2024-08-21 10:45:02,SOLUSDT,bid,142,53262.0
2024-08-21 10:45:02,SOLUSDT,bid,142,53266.0
2024-08-21 10:45:02,SOLUSDT,bid,142,53267.0
2024-08-21 10:45:02,SOLUSDT,bid,142,53263.0
2024-08-21 10:45:02,SOLUSDT,bid,142,53268.0
2024-08-21 10:45:02,SOLUSDT,bid,142,53265.0
2024-08-21 10:45:03,SOLUSDT,bid,142,53267.0
2024-08-21 10:45:03,SOLUSDT,bid,142,53270.0
2024-08-21 10:45:03,SOLUSDT,bid,142,53281.0
2024-08-21 10:45:03,SOLUSDT,bid,142,53284.0
2024-08-21 10:45:03,SOLUSDT,bid,142,53286.0
2024-08-21 10:45:03,SOLUSDT,bid,142,53294.0
2024-08-21 10:45:03,SOLUSDT,bid,142,53294.0
2024-08-21 10:45:03,SOLUSDT,bid,142,53294.0
2024-08-21 10:45:03,SOLUSDT,bid,142,53306.0
2024-08-21 10:45:04,SOLUSDT,bid,142,53309.0
2024-08-21 10:45:04,SOLUSDT,bid,142,53312.0
2024-08-21 10:45:04,SOLUSDT,bid,142,53302.0
2024-08-21 10:45:04,SOLUSDT,bid,142,53305.0
2024-08-21 10:45:04,SOLUSDT,bid,142,53307.0
2024-08-21 10:45:04,SOLUSDT,bid,142,53348.0
2024-08-21 10:45:04,SOLUSDT,bid,142,53289.0
2024-08-21 10:45:05,SOLUSDT,bid,142,53292.0
2024-08-21 10:45:05,SOLUSDT,bid,142,53284.0
2024-08-21 10:45:05,SOLUSDT,bid,142,53278.0
2024-08-21 10:45:05,SOLUSDT,bid,142,53281.0
2024-08-21 10:45:06,SOLUSDT,bid,142,53278.0
2024-08-21 10:45:07,SOLUSDT,bid,142,53275.0
2024-08-21 10:45:07,SOLUSDT,bid,142,53274.0
2024-08-21 10:45:08,SOLUSDT,bid,142,53264.0
2024-08-21 10:45:09,SOLUSDT,bid,142,53262.0
2024-08-21 10:45:09,SOLUSDT,bid,142,53257.0
2024-08-21 10:45:09,SOLUSDT,bid,142,53254.0
2024-08-21 10:45:10,SOLUSDT,bid,142,53252.0
2024-08-21 10:45:10,SOLUSDT,bid,142,53254.0
2024-08-21 10:45:10,SOLUSDT,bid,142,53258.0
2024-08-21 10:45:11,SOLUSDT,bid,142,53254.0
2024-08-21 10:45:13,SOLUSDT,bid,142,53253.0
2024-08-21 10:45:14,SOLUSDT,bid,142,53252.0
2024-08-21 10:45:15,SOLUSDT,bid,142,53251.0
2024-08-21 10:45:16,SOLUSDT,bid,142,53249.0
2024-08-21 10:45:16,SOLUSDT,bid,142,53247.0
2024-08-21 10:45:17,SOLUSDT,bid,142,53251.0
2024-08-21 10:45:17,SOLUSDT,bid,142,53247.0
2024-08-21 10:45:20,SOLUSDT,bid,142,53244.0
2024-08-21 10:45:20,SOLUSDT,bid,142,53242.0
2024-08-21 10:45:20,SOLUSDT,bid,142,53268.0
2024-08-21 10:45:20,SOLUSDT,bid,142,53267.0
2024-08-21 10:45:21,SOLUSDT,bid,142,53241.0
2024-08-21 10:45:22,SOLUSDT,bid,142,53237.0
2024-08-21 10:45:24,SOLUSDT,bid,142,53287.0
2024-08-21 10:45:24,SOLUSDT,bid,142,53317.0
2024-08-21 10:45:24,SOLUSDT,bid,142,53318.0
2024-08-21 10:45:25,SOLUSDT,bid,142,53316.0
2024-08-21 10:45:25,SOLUSDT,bid,142,53316.0
2024-08-21 10:45:25,SOLUSDT,bid,142,53313.0
2024-08-21 10:45:26,SOLUSDT,bid,142,53313.0
2024-08-21 10:45:27,SOLUSDT,bid,142,53373.0
2024-08-21 10:45:27,SOLUSDT,bid,142,53337.0
2024-08-21 10:45:27,SOLUSDT,bid,142,53232.0
2024-08-21 10:45:27,SOLUSDT,bid,142,53232.0
2024-08-21 10:45:29,SOLUSDT,bid,142,53231.0
2024-08-21 10:45:29,SOLUSDT,bid,142,53280.0
2024-08-21 10:45:30,SOLUSDT,bid,142,53280.0
2024-08-21 10:45:30,SOLUSDT,bid,142,53283.0
2024-08-21 10:45:30,SOLUSDT,bid,142,53274.0
2024-08-21 10:45:31,SOLUSDT,bid,142,53224.0
2024-08-21 10:45:31,SOLUSDT,bid,142,53272.0
2024-08-21 10:45:31,SOLUSDT,bid,142,53272.0
2024-08-21 10:45:32,SOLUSDT,bid,142,53272.0
2024-08-21 10:45:32,SOLUSDT,bid,142,53269.0
2024-08-21 10:45:32,SOLUSDT,bid,142,53219.0
2024-08-21 10:45:32,SOLUSDT,bid,142,53269.0
2024-08-21 10:45:33,SOLUSDT,bid,142,53219.0
2024-08-21 10:45:33,SOLUSDT,bid,142,53269.0
2024-08-21 10:45:34,SOLUSDT,bid,142,53269.0
2024-08-21 10:45:34,SOLUSDT,bid,142,53269.0
2024-08-21 10:45:34,SOLUSDT,bid,142,53269.0
2024-08-21 10:45:35,SOLUSDT,bid,142,53267.0
2024-08-21 10:45:35,SOLUSDT,bid,142,53267.0
2024-08-21 10:45:35,SOLUSDT,bid,142,53266.0
2024-08-21 10:45:35,SOLUSDT,bid,142,53264.0
2024-08-21 10:45:36,SOLUSDT,bid,142,53214.0
2024-08-21 10:45:36,SOLUSDT,bid,142,53264.0
2024-08-21 10:45:36,SOLUSDT,bid,142,53214.0
2024-08-21 10:45:36,SOLUSDT,bid,142,53264.0
2024-08-21 10:45:37,SOLUSDT,bid,142,53214.0
2024-08-21 10:45:37,SOLUSDT,bid,142,53264.0
2024-08-21 10:45:37,SOLUSDT,bid,142,53214.0
2024-08-21 10:45:37,SOLUSDT,bid,142,53264.0
2024-08-21 10:45:38,SOLUSDT,bid,142,53214.0
2024-08-21 10:45:38,SOLUSDT,bid,142,53214.0
2024-08-21 10:45:38,SOLUSDT,bid,142,53264.0
2024-08-21 10:45:39,SOLUSDT,bid,142,53214.0
2024-08-21 10:45:40,SOLUSDT,bid,142,53211.0
2024-08-21 10:45:41,SOLUSDT,bid,142,53246.0
2024-08-21 10:45:41,SOLUSDT,bid,142,53281.0
2024-08-21 10:45:42,SOLUSDT,bid,142,53211.0
2024-08-21 10:45:42,SOLUSDT,bid,142,53261.0
2024-08-21 10:45:44,SOLUSDT,bid,142,53262.0
2024-08-21 10:45:45,SOLUSDT,bid,142,53367.0
2024-08-21 10:45:48,SOLUSDT,bid,142,53262.0
2024-08-21 10:45:48,SOLUSDT,bid,142,53212.0
2024-08-21 10:45:51,SOLUSDT,bid,142,53211.0
2024-08-21 10:45:53,SOLUSDT,bid,142,53211.0
2024-08-21 10:45:54,SOLUSDT,bid,142,53212.0
2024-08-21 10:46:14,SOLUSDT,bid,142,53211.0
2024-08-21 10:46:30,SOLUSDT,bid,142,53227.0
2024-08-21 10:46:32,SOLUSDT,bid,142,53277.0
2024-08-21 10:46:33,SOLUSDT,bid,142,53278.0
2024-08-21 10:46:33,SOLUSDT,bid,142,53228.0
2024-08-21 10:46:35,SOLUSDT,bid,142,53212.0
2024-08-21 10:46:51,SOLUSDT,bid,142,53462.0
2024-08-21 10:46:52,SOLUSDT,bid,142,53463.0
2024-08-21 10:46:53,SOLUSDT,bid,142,53462.0
2024-08-21 10:46:57,SOLUSDT,bid,142,53512.0
2024-08-21 10:46:58,SOLUSDT,bid,142,53462.0
2024-08-21 10:46:59,SOLUSDT,bid,142,53567.0
2024-08-21 10:46:59,SOLUSDT,bid,142,53462.0
2024-08-21 10:47:00,SOLUSDT,bid,142,53567.0
2024-08-21 10:47:01,SOLUSDT,bid,142,53461.0
2024-08-21 10:47:01,SOLUSDT,bid,142,53471.0
2024-08-21 10:47:02,SOLUSDT,bid,142,53499.0
2024-08-21 10:47:13,SOLUSDT,bid,142,53534.0
2024-08-21 10:47:16,SOLUSDT,bid,142,53284.0
2024-08-21 10:47:17,SOLUSDT,bid,142,53249.0
2024-08-21 10:47:18,SOLUSDT,bid,142,53269.0
2024-08-21 10:47:18,SOLUSDT,bid,142,53273.0
2024-08-21 10:47:18,SOLUSDT,bid,142,53217.0
2024-08-21 10:47:18,SOLUSDT,bid,142,53213.0
2024-08-21 10:47:18,SOLUSDT,bid,142,53217.0
2024-08-21 10:47:18,SOLUSDT,bid,142,53213.0
2024-08-21 10:47:19,SOLUSDT,bid,142,53213.0
2024-08-21 10:47:20,SOLUSDT,bid,142,53218.0
2024-08-21 10:47:21,SOLUSDT,bid,142,53253.0
2024-08-21 10:47:24,SOLUSDT,bid,142,53218.0
2024-08-21 10:47:27,SOLUSDT,bid,142,53288.0
2024-08-21 10:47:27,SOLUSDT,bid,142,53218.0
2024-08-21 10:47:29,SOLUSDT,bid,142,53253.0
2024-08-21 10:47:39,SOLUSDT,bid,142,53303.0
2024-08-21 10:47:39,SOLUSDT,bid,142,53253.0
2024-08-21 10:47:41,SOLUSDT,bid,142,53218.0
2024-08-21 10:47:45,SOLUSDT,bid,142,53217.0
2024-08-21 10:47:53,SOLUSDT,bid,142,53224.0
2024-08-21 10:47:53,SOLUSDT,bid,142,53215.0
2024-08-21 10:47:53,SOLUSDT,bid,142,53229.0
2024-08-21 10:47:53,SOLUSDT,bid,142,53230.0
2024-08-21 10:47:53,SOLUSDT,bid,142,53239.0
2024-08-21 10:47:54,SOLUSDT,bid,142,53230.0
2024-08-21 10:47:54,SOLUSDT,bid,142,53229.0
2024-08-21 10:47:54,SOLUSDT,bid,142,53230.0
2024-08-21 10:47:54,SOLUSDT,bid,142,53231.0
2024-08-21 10:47:55,SOLUSDT,bid,142,53231.0
2024-08-21 10:47:55,SOLUSDT,bid,142,53233.0
2024-08-21 10:47:55,SOLUSDT,bid,142,53230.0
2024-08-21 10:47:55,SOLUSDT,bid,142,53233.0
2024-08-21 10:47:55,SOLUSDT,bid,142,53231.0
2024-08-21 10:47:56,SOLUSDT,bid,142,53226.0
2024-08-21 10:47:56,SOLUSDT,bid,142,53232.0
2024-08-21 10:47:56,SOLUSDT,bid,142,53235.0
2024-08-21 10:47:56,SOLUSDT,bid,142,53234.0
2024-08-21 10:47:56,SOLUSDT,bid,142,53246.0
2024-08-21 10:47:56,SOLUSDT,bid,142,53109.0
2024-08-21 10:47:56,SOLUSDT,bid,142,53108.0
2024-08-21 10:47:56,SOLUSDT,bid,142,53106.0
2024-08-21 10:47:56,SOLUSDT,bid,142,53094.0
2024-08-21 10:47:57,SOLUSDT,bid,142,53033.0
2024-08-21 10:47:57,SOLUSDT,bid,142,53036.0
2024-08-21 10:47:57,SOLUSDT,bid,142,53023.0
2024-08-21 10:47:58,SOLUSDT,bid,142,53024.0
2024-08-21 10:47:59,SOLUSDT,bid,142,53023.0
2024-08-21 10:48:00,SOLUSDT,bid,142,53003.0
2024-08-21 10:48:00,SOLUSDT,bid,142,53003.0
2024-08-21 10:48:00,SOLUSDT,bid,142,53006.0
2024-08-21 10:48:00,SOLUSDT,bid,142,53028.0
2024-08-21 10:48:00,SOLUSDT,bid,142,53031.0
2024-08-21 10:48:01,SOLUSDT,bid,142,53011.0
2024-08-21 10:48:01,SOLUSDT,bid,142,53008.0
2024-08-21 10:48:01,SOLUSDT,bid,142,52756.0
2024-08-21 10:48:01,SOLUSDT,bid,142,52769.0
2024-08-21 10:48:01,SOLUSDT,bid,142,52772.0
2024-08-21 10:48:01,SOLUSDT,bid,142,52769.0
2024-08-21 10:48:01,SOLUSDT,bid,142,52734.0
2024-08-21 10:48:01,SOLUSDT,bid,142,52734.0
2024-08-21 10:48:01,SOLUSDT,bid,142,52738.0
2024-08-21 10:48:01,SOLUSDT,bid,142,52768.0
2024-08-21 10:48:01,SOLUSDT,bid,142,51313.0
2024-08-21 10:48:02,SOLUSDT,bid,142,51292.0
2024-08-21 10:48:02,SOLUSDT,bid,142,51156.0
2024-08-21 10:48:02,SOLUSDT,bid,142,51143.0
2024-08-21 10:48:02,SOLUSDT,bid,142,51146.0
2024-08-21 10:48:02,SOLUSDT,bid,142,51150.0
2024-08-21 10:48:02,SOLUSDT,bid,142,51148.0
2024-08-21 10:48:02,SOLUSDT,bid,142,51151.0
2024-08-21 10:48:02,SOLUSDT,bid,142,51155.0
2024-08-21 10:48:03,SOLUSDT,bid,142,51106.0
2024-08-21 10:48:03,SOLUSDT,bid,142,51110.0
2024-08-21 10:48:03,SOLUSDT,bid,142,51118.0
2024-08-21 10:48:03,SOLUSDT,bid,142,51112.0
2024-08-21 10:48:03,SOLUSDT,bid,142,51114.0
2024-08-21 10:48:03,SOLUSDT,bid,142,51116.0
2024-08-21 10:48:03,SOLUSDT,bid,142,51118.0
2024-08-21 10:48:03,SOLUSDT,bid,142,50753.0
2024-08-21 10:48:04,SOLUSDT,bid,142,50752.0
2024-08-21 10:48:04,SOLUSDT,bid,142,50753.0
2024-08-21 10:48:04,SOLUSDT,bid,142,50755.0
2024-08-21 10:48:04,SOLUSDT,bid,142,50751.0
2024-08-21 10:48:04,SOLUSDT,bid,142,50751.0
2024-08-21 10:48:04,SOLUSDT,bid,142,50759.0
2024-08-21 10:48:04,SOLUSDT,bid,142,50757.0
2024-08-21 10:48:05,SOLUSDT,bid,142,50755.0
2024-08-21 10:48:05,SOLUSDT,bid,142,50753.0
2024-08-21 10:48:05,SOLUSDT,bid,142,50634.0
2024-08-21 10:48:05,SOLUSDT,bid,142,50397.0
2024-08-21 10:48:05,SOLUSDT,bid,142,50403.0
2024-08-21 10:48:05,SOLUSDT,bid,142,50388.0
2024-08-21 10:48:05,SOLUSDT,bid,142,49502.0
2024-08-21 10:48:05,SOLUSDT,bid,142,49503.0
2024-08-21 10:48:06,SOLUSDT,bid,142,49500.0
2024-08-21 10:48:06,SOLUSDT,bid,142,49501.0
2024-08-21 10:48:07,SOLUSDT,bid,142,49502.0
2024-08-21 10:48:07,SOLUSDT,bid,142,49515.0
2024-08-21 10:48:07,SOLUSDT,bid,142,49518.0
2024-08-21 10:48:07,SOLUSDT,bid,142,49381.0
2024-08-21 10:48:08,SOLUSDT,bid,142,49382.0
2024-08-21 10:48:08,SOLUSDT,bid,142,49251.0
2024-08-21 10:48:08,SOLUSDT,bid,142,49250.0
2024-08-21 10:48:08,SOLUSDT,bid,142,49246.0
2024-08-21 10:48:09,SOLUSDT,bid,142,49244.0
2024-08-21 10:48:10,SOLUSDT,bid,142,49256.0
2024-08-21 10:48:10,SOLUSDT,bid,142,49237.0
2024-08-21 10:48:10,SOLUSDT,bid,142,49238.0
2024-08-21 10:48:10,SOLUSDT,bid,142,49237.0
2024-08-21 10:48:10,SOLUSDT,bid,142,49241.0
2024-08-21 10:48:10,SOLUSDT,bid,142,49240.0
2024-08-21 10:48:11,SOLUSDT,bid,142,49239.0
2024-08-21 10:48:11,SOLUSDT,bid,142,49240.0
2024-08-21 10:48:12,SOLUSDT,bid,142,48739.0
2024-08-21 10:48:12,SOLUSDT,bid,142,48729.0
2024-08-21 10:48:12,SOLUSDT,bid,142,48729.0
2024-08-21 10:48:12,SOLUSDT,bid,142,48729.0
2024-08-21 10:48:12,SOLUSDT,bid,142,48729.0
2024-08-21 10:48:12,SOLUSDT,bid,142,48724.0
2024-08-21 10:48:12,SOLUSDT,bid,142,48704.0
2024-08-21 10:48:12,SOLUSDT,bid,142,48707.0
2024-08-21 10:48:13,SOLUSDT,bid,142,48704.0
2024-08-21 10:48:14,SOLUSDT,bid,142,48699.0
2024-08-21 10:48:14,SOLUSDT,bid,142,48694.0
2024-08-21 10:48:15,SOLUSDT,bid,142,48690.0
2024-08-21 10:52:15,SOLUSDT,bid,142,48818.0
2024-08-21 10:52:15,SOLUSDT,bid,142,48804.0
2024-08-21 10:52:16,SOLUSDT,bid,142,48806.0
2024-08-21 10:52:18,SOLUSDT,bid,142,48809.0
2024-08-21 10:52:26,SOLUSDT,bid,142,49301.0
2024-08-21 10:52:26,SOLUSDT,bid,142,48809.0
2024-08-21 10:53:13,SOLUSDT,bid,142,48809.0
2024-08-21 10:53:21,SOLUSDT,bid,142,48809.0
2024-08-21 10:53:22,SOLUSDT,bid,142,48816.0
2024-08-21 10:53:22,SOLUSDT,bid,142,48809.0
2024-08-21 10:53:43,SOLUSDT,bid,142,48806.0
2024-08-21 10:54:11,SOLUSDT,bid,142,48819.0
2024-08-21 10:54:21,SOLUSDT,bid,142,48806.0
2024-08-21 10:54:53,SOLUSDT,bid,142,48805.0
2024-08-21 10:55:03,SOLUSDT,bid,142,48820.0
2024-08-21 10:55:03,SOLUSDT,bid,142,48805.0
2024-08-21 10:55:04,SOLUSDT,bid,142,48806.0
2024-08-21 10:55:20,SOLUSDT,bid,142,48805.0
2024-08-21 10:55:39,SOLUSDT,bid,142,48818.0
2024-08-21 10:55:39,SOLUSDT,bid,142,48805.0
2024-08-21 10:55:40,SOLUSDT,bid,142,48818.0
2024-08-21 10:55:41,SOLUSDT,bid,142,48805.0
2024-08-21 10:55:41,SOLUSDT,bid,142,48806.0
2024-08-21 10:56:18,SOLUSDT,bid,142,49036.0
2024-08-21 10:56:20,SOLUSDT,bid,142,49049.0
2024-08-21 10:56:21,SOLUSDT,bid,142,49036.0
2024-08-21 10:56:28,SOLUSDT,bid,142,49031.0
2024-08-21 10:56:45,SOLUSDT,bid,142,49030.0
2024-08-21 10:56:50,SOLUSDT,bid,142,49309.0
2024-08-21 10:56:56,SOLUSDT,bid,142,49344.0
2024-08-21 10:57:06,SOLUSDT,bid,142,49357.0
2024-08-21 10:57:08,SOLUSDT,bid,142,49344.0
2024-08-21 10:57:14,SOLUSDT,bid,142,49065.0
2024-08-21 10:57:15,SOLUSDT,bid,142,48835.0
2024-08-21 10:57:19,SOLUSDT,bid,142,48836.0
2024-08-21 10:58:20,SOLUSDT,bid,142,48856.0
2024-08-21 10:58:20,SOLUSDT,bid,142,48857.0
2024-08-21 10:58:21,SOLUSDT,bid,142,48857.0
2024-08-21 10:58:21,SOLUSDT,bid,142,48837.0
2024-08-21 10:58:22,SOLUSDT,bid,142,49074.0
2024-08-21 10:58:49,SOLUSDT,bid,142,49075.0
2024-08-21 10:58:49,SOLUSDT,bid,142,49074.0
2024-08-21 10:59:01,SOLUSDT,bid,142,49080.0
2024-08-21 10:59:13,SOLUSDT,bid,142,49079.0
2024-08-21 10:59:14,SOLUSDT,bid,142,49083.0
2024-08-21 10:59:24,SOLUSDT,bid,142,49091.0
2024-08-21 10:59:28,SOLUSDT,bid,142,49090.0
2024-08-21 10:59:29,SOLUSDT,bid,142,49103.0
2024-08-21 10:59:30,SOLUSDT,bid,142,49099.0
2024-08-21 10:59:30,SOLUSDT,bid,142,49086.0
2024-08-21 10:59:34,SOLUSDT,bid,142,49089.0
2024-08-21 11:00:21,SOLUSDT,bid,142,49099.0
2024-08-21 11:00:22,SOLUSDT,bid,142,49100.0
2024-08-21 11:00:31,SOLUSDT,bid,142,49090.0
2024-08-21 11:00:41,SOLUSDT,bid,142,49089.0
2024-08-21 11:00:42,SOLUSDT,bid,142,49102.0
2024-08-21 11:00:43,SOLUSDT,bid,142,49089.0
2024-08-21 11:00:48,SOLUSDT,bid,142,49102.0
2024-08-21 11:00:49,SOLUSDT,bid,142,49103.0
2024-08-21 11:00:50,SOLUSDT,bid,142,49090.0
2024-08-21 11:01:30,SOLUSDT,bid,142,49091.0
2024-08-21 11:01:37,SOLUSDT,bid,142,49090.0
2024-08-21 11:01:52,SOLUSDT,bid,142,49337.0
2024-08-21 11:01:58,SOLUSDT,bid,142,49090.0
2024-08-21 11:02:11,SOLUSDT,bid,142,49084.0
2024-08-21 11:02:39,SOLUSDT,bid,142,49085.0
2024-08-21 11:02:41,SOLUSDT,bid,142,49080.0
2024-08-21 11:03:21,SOLUSDT,bid,142,49086.0
2024-08-21 11:03:21,SOLUSDT,bid,142,49080.0
2024-08-21 11:03:22,SOLUSDT,bid,142,48843.0
2024-08-21 11:03:31,SOLUSDT,bid,142,48850.0
2024-08-21 11:03:31,SOLUSDT,bid,142,48843.0
2024-08-21 11:03:32,SOLUSDT,bid,142,48866.0
2024-08-21 11:03:38,SOLUSDT,bid,142,48873.0
2024-08-21 11:03:39,SOLUSDT,bid,142,48866.0
2024-08-21 11:03:42,SOLUSDT,bid,142,48867.0
2024-08-21 11:03:42,SOLUSDT,bid,142,49142.0
2024-08-21 11:03:42,SOLUSDT,bid,142,49156.0
2024-08-21 11:03:43,SOLUSDT,bid,142,49142.0
2024-08-21 11:03:46,SOLUSDT,bid,142,49150.0
2024-08-21 11:03:51,SOLUSDT,bid,142,49164.0
2024-08-21 11:03:52,SOLUSDT,bid,142,49150.0
2024-08-21 11:03:53,SOLUSDT,bid,142,49164.0
2024-08-21 11:03:54,SOLUSDT,bid,142,49150.0
2024-08-21 11:03:57,SOLUSDT,bid,142,49164.0
2024-08-21 11:04:01,SOLUSDT,bid,142,49286.0
2024-08-21 11:04:01,SOLUSDT,bid,142,49170.0
2024-08-21 11:04:01,SOLUSDT,bid,142,49123.0
2024-08-21 11:04:01,SOLUSDT,bid,142,49130.0
2024-08-21 11:04:02,SOLUSDT,bid,142,49123.0
2024-08-21 11:04:03,SOLUSDT,bid,142,49126.0
2024-08-21 11:04:08,SOLUSDT,bid,142,49129.0
2024-08-21 11:04:08,SOLUSDT,bid,142,49126.0
2024-08-21 11:04:17,SOLUSDT,bid,142,49129.0
2024-08-21 11:04:17,SOLUSDT,bid,142,49112.0
2024-08-21 11:04:19,SOLUSDT,bid,142,49126.0
2024-08-21 11:04:19,SOLUSDT,bid,142,49129.0
2024-08-21 11:04:22,SOLUSDT,bid,142,49126.0
2024-08-21 11:04:24,SOLUSDT,bid,142,49112.0
2024-08-21 11:04:26,SOLUSDT,bid,142,49113.0
2024-08-21 11:04:29,SOLUSDT,bid,142,49127.0
2024-08-21 11:04:32,SOLUSDT,bid,142,49113.0
2024-08-21 11:04:39,SOLUSDT,bid,142,49127.0
2024-08-21 11:04:40,SOLUSDT,bid,142,49141.0
2024-08-21 11:04:42,SOLUSDT,bid,142,49127.0
2024-08-21 11:04:44,SOLUSDT,bid,142,49113.0
2024-08-21 11:05:18,SOLUSDT,bid,142,49114.0
2024-08-21 11:05:20,SOLUSDT,bid,142,49360.0
2024-08-21 11:05:21,SOLUSDT,bid,142,49114.0
2024-08-21 11:05:21,SOLUSDT,bid,142,49115.0
2024-08-21 11:05:23,SOLUSDT,bid,142,49114.0
2024-08-21 11:06:44,SOLUSDT,bid,142,49429.0
2024-08-21 11:06:44,SOLUSDT,bid,142,49114.0
2024-08-21 11:06:44,SOLUSDT,bid,142,49429.0
2024-08-21 11:06:48,SOLUSDT,bid,142,49114.0
2024-08-21 11:07:00,SOLUSDT,bid,142,49122.0
2024-08-21 11:07:01,SOLUSDT,bid,142,49122.0
2024-08-21 11:07:02,SOLUSDT,bid,142,49125.0
2024-08-21 11:07:05,SOLUSDT,bid,142,49141.0
2024-08-21 11:07:10,SOLUSDT,bid,142,49133.0
2024-08-21 11:07:18,SOLUSDT,bid,142,50139.0
2024-08-21 11:07:18,SOLUSDT,bid,142,49133.0
2024-08-21 11:07:35,SOLUSDT,bid,142,49137.0
2024-08-21 11:07:41,SOLUSDT,bid,142,49133.0
2024-08-21 11:07:42,SOLUSDT,bid,142,49116.0
2024-08-21 11:07:42,SOLUSDT,bid,142,49113.0
2024-08-21 11:08:00,SOLUSDT,bid,142,49112.0
2024-08-21 11:08:46,SOLUSDT,bid,142,49104.0
2024-08-21 11:08:48,SOLUSDT,bid,142,49175.0
2024-08-21 11:09:10,SOLUSDT,bid,142,49176.0
2024-08-21 11:09:11,SOLUSDT,bid,142,49175.0
2024-08-21 11:09:57,SOLUSDT,bid,142,49176.0
2024-08-21 11:09:57,SOLUSDT,bid,142,49196.0
2024-08-21 11:09:58,SOLUSDT,bid,142,49197.0
2024-08-21 11:09:58,SOLUSDT,bid,142,49196.0
2024-08-21 11:09:58,SOLUSDT,bid,142,49197.0
2024-08-21 11:10:01,SOLUSDT,bid,142,49197.0
2024-08-21 11:10:03,SOLUSDT,bid,142,49197.0
2024-08-21 11:10:07,SOLUSDT,bid,142,49196.0
2024-08-21 11:10:36,SOLUSDT,bid,142,49197.0
2024-08-21 11:10:37,SOLUSDT,bid,142,49196.0
2024-08-21 11:10:51,SOLUSDT,bid,142,49442.0
2024-08-21 11:10:51,SOLUSDT,bid,142,49196.0
2024-08-21 11:10:53,SOLUSDT,bid,142,49196.0
2024-08-21 11:10:57,SOLUSDT,bid,142,49175.0
2024-08-21 11:10:58,SOLUSDT,bid,142,49221.0
2024-08-21 11:10:59,SOLUSDT,bid,142,49244.0
2024-08-21 11:10:59,SOLUSDT,bid,142,49235.0
2024-08-21 11:10:59,SOLUSDT,bid,142,49238.0
2024-08-21 11:11:06,SOLUSDT,bid,142,49238.0
2024-08-21 11:11:08,SOLUSDT,bid,142,49224.0
2024-08-21 11:11:09,SOLUSDT,bid,142,49238.0
2024-08-21 11:11:13,SOLUSDT,bid,142,49361.0
2024-08-21 11:11:13,SOLUSDT,bid,142,49238.0
2024-08-21 11:11:13,SOLUSDT,bid,142,49361.0
2024-08-21 11:11:13,SOLUSDT,bid,142,49238.0
2024-08-21 11:11:19,SOLUSDT,bid,142,49214.0
2024-08-21 11:11:19,SOLUSDT,bid,142,49203.0
2024-08-21 11:11:23,SOLUSDT,bid,142,49207.0
2024-08-21 11:11:25,SOLUSDT,bid,142,49166.0
2024-08-21 11:11:25,SOLUSDT,bid,142,49180.0
2024-08-21 11:11:25,SOLUSDT,bid,142,49166.0
2024-08-21 11:11:27,SOLUSDT,bid,142,49163.0
2024-08-21 11:11:27,SOLUSDT,bid,142,49164.0
2024-08-21 11:11:30,SOLUSDT,bid,142,49159.0
2024-08-21 11:11:35,SOLUSDT,bid,142,49160.0
2024-08-21 11:11:35,SOLUSDT,bid,142,49159.0
2024-08-21 11:11:43,SOLUSDT,bid,142,49173.0
2024-08-21 11:11:43,SOLUSDT,bid,142,49159.0
2024-08-21 11:11:43,SOLUSDT,bid,142,49173.0
2024-08-21 11:11:45,SOLUSDT,bid,142,49176.0
2024-08-21 11:11:45,SOLUSDT,bid,142,49173.0
2024-08-21 11:11:45,SOLUSDT,bid,142,49159.0
2024-08-21 11:11:46,SOLUSDT,bid,142,49162.0
2024-08-21 11:11:46,SOLUSDT,bid,142,49173.0
2024-08-21 11:11:53,SOLUSDT,bid,142,49176.0
2024-08-21 11:11:53,SOLUSDT,bid,142,49173.0
2024-08-21 11:11:55,SOLUSDT,bid,142,49173.0
2024-08-21 11:11:56,SOLUSDT,bid,142,49176.0
2024-08-21 11:11:56,SOLUSDT,bid,142,49173.0
2024-08-21 11:12:00,SOLUSDT,bid,142,49163.0
2024-08-21 11:12:00,SOLUSDT,bid,142,49177.0
2024-08-21 11:12:00,SOLUSDT,bid,142,49163.0
2024-08-21 11:12:06,SOLUSDT,bid,142,49159.0
2024-08-21 11:12:06,SOLUSDT,bid,142,49145.0
2024-08-21 11:12:06,SOLUSDT,bid,142,49148.0
2024-08-21 11:12:07,SOLUSDT,bid,142,49159.0
2024-08-21 11:12:07,SOLUSDT,bid,142,49145.0
2024-08-21 11:12:08,SOLUSDT,bid,142,49145.0
2024-08-21 11:12:09,SOLUSDT,bid,142,49148.0
2024-08-21 11:12:09,SOLUSDT,bid,142,49145.0
2024-08-21 11:12:10,SOLUSDT,bid,142,49148.0
2024-08-21 11:12:12,SOLUSDT,bid,142,49145.0
2024-08-21 11:12:16,SOLUSDT,bid,142,49391.0
2024-08-21 11:12:18,SOLUSDT,bid,142,49145.0
2024-08-21 11:12:19,SOLUSDT,bid,142,49391.0
2024-08-21 11:12:19,SOLUSDT,bid,142,49391.0
2024-08-21 11:12:29,SOLUSDT,bid,142,49145.0
2024-08-21 11:12:37,SOLUSDT,bid,142,49144.0
2024-08-21 11:12:42,SOLUSDT,bid,142,49151.0
2024-08-21 11:12:43,SOLUSDT,bid,142,49144.0
2024-08-21 11:12:55,SOLUSDT,bid,142,49146.0
2024-08-21 11:12:57,SOLUSDT,bid,142,49146.0
2024-08-21 11:13:27,SOLUSDT,bid,142,49147.0
2024-08-21 11:13:34,SOLUSDT,bid,142,49146.0
2024-08-21 11:13:42,SOLUSDT,bid,142,49147.0
2024-08-21 11:13:42,SOLUSDT,bid,142,49146.0
2024-08-21 11:13:51,SOLUSDT,bid,142,49163.0
2024-08-21 11:13:54,SOLUSDT,bid,142,49163.0
2024-08-21 11:13:54,SOLUSDT,bid,142,49180.0
2024-08-21 11:13:58,SOLUSDT,bid,142,49163.0
2024-08-21 11:13:58,SOLUSDT,bid,142,49166.0
2024-08-21 11:13:59,SOLUSDT,bid,142,49163.0
2024-08-21 11:14:00,SOLUSDT,bid,142,49166.0
2024-08-21 11:14:00,SOLUSDT,bid,142,49163.0
2024-08-21 11:14:00,SOLUSDT,bid,142,49177.0
2024-08-21 11:14:01,SOLUSDT,bid,142,49163.0
2024-08-21 11:14:02,SOLUSDT,bid,142,49166.0
2024-08-21 11:14:05,SOLUSDT,bid,142,49163.0
2024-08-21 11:14:08,SOLUSDT,bid,142,49166.0
2024-08-21 11:14:09,SOLUSDT,bid,142,49163.0
2024-08-21 11:14:09,SOLUSDT,bid,142,49166.0
2024-08-21 11:14:11,SOLUSDT,bid,142,49163.0
2024-08-21 11:14:21,SOLUSDT,bid,142,49166.0
2024-08-21 11:14:23,SOLUSDT,bid,142,49163.0
2024-08-21 11:14:23,SOLUSDT,bid,142,49163.0
2024-08-21 11:14:23,SOLUSDT,bid,142,49163.0
2024-08-21 11:14:26,SOLUSDT,bid,142,50624.0
2024-08-21 11:14:26,SOLUSDT,bid,142,49163.0
2024-08-21 11:14:35,SOLUSDT,bid,142,50110.0
2024-08-21 11:14:35,SOLUSDT,bid,142,49163.0
2024-08-21 11:14:36,SOLUSDT,bid,142,50117.0
2024-08-21 11:14:36,SOLUSDT,bid,142,49163.0
2024-08-21 11:14:36,SOLUSDT,bid,142,49163.0
2024-08-21 11:14:36,SOLUSDT,bid,142,50117.0
2024-08-21 11:14:36,SOLUSDT,bid,142,49163.0
2024-08-21 11:14:37,SOLUSDT,bid,142,49163.0
2024-08-21 11:14:37,SOLUSDT,bid,142,49163.0
2024-08-21 11:14:44,SOLUSDT,bid,142,49170.0
2024-08-21 11:14:47,SOLUSDT,bid,142,49163.0
2024-08-21 11:14:54,SOLUSDT,bid,142,49163.0
2024-08-21 11:14:54,SOLUSDT,bid,142,49170.0
2024-08-21 11:14:56,SOLUSDT,bid,142,49163.0
2024-08-21 11:15:03,SOLUSDT,bid,142,49169.0
2024-08-21 11:15:06,SOLUSDT,bid,142,49169.0
2024-08-21 11:15:06,SOLUSDT,bid,142,49169.0
2024-08-21 11:15:12,SOLUSDT,bid,142,49170.0
2024-08-21 11:15:12,SOLUSDT,bid,142,49169.0
2024-08-21 11:15:13,SOLUSDT,bid,142,49169.0
2024-08-21 11:15:31,SOLUSDT,bid,142,49167.0
2024-08-21 11:16:03,SOLUSDT,bid,142,49182.0
2024-08-21 11:16:10,SOLUSDT,bid,142,49167.0
2024-08-21 11:17:33,SOLUSDT,bid,142,49187.0
2024-08-21 11:18:08,SOLUSDT,bid,142,49230.0
2024-08-21 11:18:33,SOLUSDT,bid,142,49242.0
2024-08-21 11:18:41,SOLUSDT,bid,142,49225.0
2024-08-21 11:19:01,SOLUSDT,bid,142,49246.0
2024-08-21 11:19:06,SOLUSDT,bid,142,49264.0
2024-08-21 11:19:18,SOLUSDT,bid,142,49243.0
2024-08-21 11:19:42,SOLUSDT,bid,142,49253.0
2024-08-21 11:19:48,SOLUSDT,bid,142,49252.0
2024-08-21 11:19:49,SOLUSDT,bid,142,49002.0
2024-08-21 11:19:50,SOLUSDT,bid,142,48992.0
2024-08-21 11:19:52,SOLUSDT,bid,142,49307.0
2024-08-21 11:19:53,SOLUSDT,bid,142,48992.0
2024-08-21 11:20:05,SOLUSDT,bid,142,48997.0
2024-08-21 11:20:38,SOLUSDT,bid,142,48992.0
2024-08-21 11:22:03,SOLUSDT,bid,142,49261.0
2024-08-21 11:22:08,SOLUSDT,bid,142,48992.0
2024-08-21 11:22:44,SOLUSDT,bid,142,48997.0
2024-08-21 11:23:06,SOLUSDT,bid,142,49590.0
2024-08-21 11:23:40,SOLUSDT,bid,142,48997.0
2024-08-21 11:25:14,SOLUSDT,bid,142,48992.0
2024-08-21 11:26:53,SOLUSDT,bid,142,48991.0
2024-08-21 11:27:01,SOLUSDT,bid,142,49021.0
2024-08-21 11:28:46,SOLUSDT,bid,142,49026.0
2024-08-21 11:29:16,SOLUSDT,bid,142,49021.0
2024-08-21 11:30:05,SOLUSDT,bid,142,64534.0
2024-08-21 11:30:08,SOLUSDT,bid,142,64580.0
2024-08-21 11:30:08,SOLUSDT,bid,142,64558.0
2024-08-21 11:30:09,SOLUSDT,bid,142,64508.0
2024-08-21 11:30:09,SOLUSDT,bid,142,64558.0
2024-08-21 11:30:09,SOLUSDT,bid,142,64558.0
2024-08-21 11:30:10,SOLUSDT,bid,142,64508.0
2024-08-21 11:30:10,SOLUSDT,bid,142,64558.0
2024-08-21 11:30:10,SOLUSDT,bid,142,64593.0
2024-08-21 11:30:10,SOLUSDT,bid,142,64558.0
2024-08-21 11:30:10,SOLUSDT,bid,142,64558.0
2024-08-21 11:30:11,SOLUSDT,bid,142,64558.0
2024-08-21 11:30:11,SOLUSDT,bid,142,64558.0
2024-08-21 11:30:12,SOLUSDT,bid,142,64508.0
2024-08-21 11:30:13,SOLUSDT,bid,142,64558.0
2024-08-21 11:30:13,SOLUSDT,bid,142,64628.0
2024-08-21 11:30:14,SOLUSDT,bid,142,64578.0
2024-08-21 11:30:14,SOLUSDT,bid,142,64628.0
2024-08-21 11:30:14,SOLUSDT,bid,142,64628.0
2024-08-21 11:30:14,SOLUSDT,bid,142,64733.0
2024-08-21 11:30:15,SOLUSDT,bid,142,64628.0
2024-08-21 11:30:15,SOLUSDT,bid,142,64578.0
2024-08-21 11:30:15,SOLUSDT,bid,142,64628.0
2024-08-21 11:30:15,SOLUSDT,bid,142,64508.0
2024-08-21 11:30:21,SOLUSDT,bid,142,64558.0
2024-08-21 11:30:21,SOLUSDT,bid,142,64508.0
2024-08-21 11:30:22,SOLUSDT,bid,142,64510.0
2024-08-21 11:30:24,SOLUSDT,bid,142,64499.0
2024-08-21 11:30:24,SOLUSDT,bid,142,64496.0
2024-08-21 11:30:24,SOLUSDT,bid,142,64546.0
2024-08-21 11:30:25,SOLUSDT,bid,142,64496.0
2024-08-21 11:30:25,SOLUSDT,bid,142,64546.0
2024-08-21 11:30:25,SOLUSDT,bid,142,64496.0
2024-08-21 11:30:26,SOLUSDT,bid,142,64546.0
2024-08-21 11:30:26,SOLUSDT,bid,142,64546.0
2024-08-21 11:30:26,SOLUSDT,bid,142,64547.0
2024-08-21 11:30:27,SOLUSDT,bid,142,64497.0
2024-08-21 11:30:27,SOLUSDT,bid,142,64498.0
2024-08-21 11:30:28,SOLUSDT,bid,142,64510.0
2024-08-21 11:30:37,SOLUSDT,bid,142,64544.0
2024-08-21 11:30:37,SOLUSDT,bid,142,64509.0
2024-08-21 11:30:37,SOLUSDT,bid,142,64559.0
2024-08-21 11:30:38,SOLUSDT,bid,142,64681.0
2024-08-21 11:30:38,SOLUSDT,bid,142,64681.0
2024-08-21 11:30:39,SOLUSDT,bid,142,64716.0
2024-08-21 11:30:39,SOLUSDT,bid,142,64666.0
2024-08-21 11:30:39,SOLUSDT,bid,142,64716.0
2024-08-21 11:30:40,SOLUSDT,bid,142,64666.0
2024-08-21 11:30:40,SOLUSDT,bid,142,64716.0
2024-08-21 11:30:40,SOLUSDT,bid,142,64740.0
2024-08-21 11:30:40,SOLUSDT,bid,142,64845.0
2024-08-21 11:30:40,SOLUSDT,bid,142,64740.0
2024-08-21 11:30:40,SOLUSDT,bid,142,64583.0
2024-08-21 11:30:41,SOLUSDT,bid,142,64559.0
2024-08-21 11:30:45,SOLUSDT,bid,142,64509.0
2024-08-21 11:30:55,SOLUSDT,bid,142,64580.0
2024-08-21 11:30:55,SOLUSDT,bid,142,64510.0
2024-08-21 11:30:58,SOLUSDT,bid,142,64556.0
2024-08-21 11:30:58,SOLUSDT,bid,142,64521.0
2024-08-21 11:30:58,SOLUSDT,bid,142,64510.0
2024-08-21 11:31:01,SOLUSDT,bid,142,64509.0
2024-08-21 11:31:07,SOLUSDT,bid,142,64509.0
2024-08-21 11:31:13,SOLUSDT,bid,142,64559.0
2024-08-21 11:31:14,SOLUSDT,bid,142,64509.0
2024-08-21 11:31:14,SOLUSDT,bid,142,64559.0
2024-08-21 11:31:15,SOLUSDT,bid,142,64559.0
2024-08-21 11:31:15,SOLUSDT,bid,142,64509.0
2024-08-21 11:31:15,SOLUSDT,bid,142,64509.0
2024-08-21 11:31:15,SOLUSDT,bid,142,64518.0
2024-08-21 11:31:16,SOLUSDT,bid,142,64518.0
2024-08-21 11:31:16,SOLUSDT,bid,142,64664.0
2024-08-21 11:31:17,SOLUSDT,bid,142,64664.0
2024-08-21 11:31:18,SOLUSDT,bid,142,64664.0
2024-08-21 11:31:19,SOLUSDT,bid,142,64664.0
2024-08-21 11:31:20,SOLUSDT,bid,142,64804.0
2024-08-21 11:31:20,SOLUSDT,bid,142,64664.0
2024-08-21 11:31:21,SOLUSDT,bid,142,64664.0
2024-08-21 11:31:22,SOLUSDT,bid,142,64664.0
2024-08-21 11:31:22,SOLUSDT,bid,142,64850.0
2024-08-21 11:31:22,SOLUSDT,bid,142,64800.0
2024-08-21 11:31:22,SOLUSDT,bid,142,64784.0
2024-08-21 11:31:23,SOLUSDT,bid,142,64734.0
2024-08-21 11:31:23,SOLUSDT,bid,142,64784.0
2024-08-21 11:31:23,SOLUSDT,bid,142,64734.0
