2024-09-15 07:01:36,BTCUSDT,bid,47000,871.845
2024-09-15 07:59:37,BTCUSDT,bid,47000,871.841
2024-09-15 07:59:37,BTCUSDT,bid,47300,807.922
2024-09-15 07:24:40,BTCUSD_PERP,bid,59500,586.31
2024-09-15 07:24:41,BTCUSD_PERP,bid,59500,644.64
2024-09-15 07:24:41,BTCUSD_PERP,bid,59500,702.97
2024-09-15 07:24:41,BTCUSD_PERP,bid,59500,761.3
2024-09-15 07:28:32,BTCUSD_PERP,bid,59500,702.97
2024-09-15 07:28:33,BTCUSD_PERP,bid,59500,644.64
2024-09-15 07:28:33,BTCUSD_PERP,bid,59500,586.31
2024-09-15 07:28:34,BTCUSD_PERP,bid,59500,527.73
2024-09-15 07:28:34,BTCUSD_PERP,bid,59500,645.07
2024-09-15 07:28:34,BTCUSD_PERP,bid,59500,703.44
2024-09-15 07:40:58,BTCUSD_PERP,bid,59500,645.07
2024-09-15 07:40:58,BTCUSD_PERP,bid,59500,527.13
2024-09-15 07:40:59,BTCUSD_PERP,bid,59500,528.0
2024-09-15 07:41:00,BTCUSD_PERP,bid,59500,587.0
2024-09-15 07:41:00,BTCUSD_PERP,bid,59500,645.4
2024-09-15 07:51:00,BTCUSD_PERP,bid,59500,587.0
2024-09-15 07:51:00,BTCUSD_PERP,bid,59500,528.6
2024-09-15 07:51:02,BTCUSD_PERP,bid,59600,645.13
2024-09-15 07:51:02,BTCUSD_PERP,bid,59600,704.16
2024-09-15 07:51:35,BTCUSD_PERP,bid,59600,527.67
2024-09-15 07:51:35,BTCUSD_PERP,bid,59500,703.73
2024-09-15 07:55:15,BTCUSD_PERP,bid,59500,527.04
2024-09-15 07:55:37,BTCUSD_PERP,bid,59500,879.68
2024-09-15 07:55:37,BTCUSD_PERP,bid,59500,938.61
2024-09-15 07:55:37,BTCUSD_PERP,bid,59400,514.02
2024-09-15 08:00:11,BTCUSD_PERP,bid,59500,880.29
2024-09-15 08:00:11,BTCUSD_PERP,bid,59500,645.79
2024-09-15 08:00:11,BTCUSD_PERP,bid,59500,586.86
2024-09-15 08:00:12,BTCUSD_PERP,bid,59500,528.54
2024-09-15 08:00:12,BTCUSD_PERP,bid,59500,587.2
2024-09-15 08:00:12,BTCUSD_PERP,bid,59500,704.52
2024-09-15 08:00:12,BTCUSD_PERP,bid,59500,821.84
2024-09-15 08:00:12,BTCUSD_PERP,bid,59500,1057.08
2024-09-15 08:00:13,BTCUSD_PERP,bid,59400,514.28
2024-09-15 08:01:39,BTCUSD_PERP,bid,59500,939.76
2024-09-15 08:01:43,BTCUSD_PERP,bid,59500,880.8
2024-09-15 08:01:43,BTCUSD_PERP,bid,59500,705.12
2024-09-15 08:01:43,BTCUSD_PERP,bid,59500,646.16
2024-09-15 08:01:44,BTCUSD_PERP,bid,59500,587.8
2024-09-15 08:01:44,BTCUSD_PERP,bid,59500,528.84
2024-09-15 08:01:44,BTCUSD_PERP,bid,59600,587.0
2024-09-15 08:01:44,BTCUSD_PERP,bid,59600,762.8
2024-09-15 08:01:44,BTCUSD_PERP,bid,59600,821.8
2024-09-15 08:01:45,BTCUSD_PERP,bid,59600,880.8
2024-09-15 08:01:45,BTCUSD_PERP,bid,59500,515.09
2024-09-15 08:01:45,BTCUSD_PERP,bid,59500,573.59
2024-09-15 08:01:45,BTCUSD_PERP,bid,59600,939.8
2024-09-15 08:01:45,BTCUSD_PERP,bid,59600,941.94
2024-09-15 08:01:48,BTCUSD_PERP,bid,59500,576.82
2024-09-15 08:03:46,BTCUSD_PERP,bid,59600,939.8
2024-09-15 08:05:05,BTCUSD_PERP,bid,59500,517.92
2024-09-15 08:05:06,BTCUSD_PERP,bid,59500,514.42
2024-09-15 08:05:06,BTCUSD_PERP,bid,59500,704.04
2024-09-15 08:05:06,BTCUSD_PERP,bid,59500,763.01
2024-09-15 08:08:23,BTCUSD_PERP,bid,59500,645.67
2024-09-15 08:08:24,BTCUSD_PERP,bid,59600,587.6
2024-09-15 08:08:24,BTCUSD_PERP,bid,59600,646.0
2024-09-15 08:08:24,BTCUSD_PERP,bid,59500,573.58
2024-09-15 08:08:24,BTCUSD_PERP,bid,59600,705.0
2024-09-15 08:08:24,BTCUSD_PERP,bid,59600,764.0
2024-09-15 08:08:25,BTCUSD_PERP,bid,59600,881.4
2024-09-15 08:14:14,BTCUSD_PERP,bid,59500,515.08
2024-09-15 08:14:14,BTCUSD_PERP,bid,59600,822.4
2024-09-15 08:14:14,BTCUSD_PERP,bid,59600,764.0
2024-09-15 08:14:14,BTCUSD_PERP,bid,59600,705.6
2024-09-15 08:14:15,BTCUSD_PERP,bid,59600,646.6
2024-09-15 08:14:15,BTCUSD_PERP,bid,59600,529.2
2024-09-15 08:14:15,BTCUSD_PERP,bid,59600,587.35
2024-09-15 08:14:15,BTCUSD_PERP,bid,59600,646.39
2024-09-15 08:14:16,BTCUSD_PERP,bid,59600,705.43
2024-09-15 08:14:16,BTCUSD_PERP,bid,59600,764.47
2024-09-15 08:14:16,BTCUSD_PERP,bid,59600,823.51
2024-09-15 08:14:16,BTCUSD_PERP,bid,59600,881.94
2024-09-15 08:14:16,BTCUSD_PERP,bid,59500,515.4
2024-09-15 08:14:16,BTCUSD_PERP,bid,59600,940.98
2024-09-15 08:17:06,BTCUSD_PERP,bid,59600,881.94
2024-09-15 08:18:13,BTCUSD_PERP,bid,59600,529.53
2024-09-15 08:18:13,BTCUSD_PERP,bid,59600,647.0
2024-09-15 08:18:13,BTCUSD_PERP,bid,59600,706.04
2024-09-15 08:18:14,BTCUSD_PERP,bid,59600,765.08
2024-09-15 08:18:14,BTCUSD_PERP,bid,59600,823.51
2024-09-15 08:19:15,BTCUSD_PERP,bid,59600,706.65
2024-09-15 08:19:15,BTCUSD_PERP,bid,59600,648.22
2024-09-15 08:19:15,BTCUSD_PERP,bid,59600,589.18
2024-09-15 08:19:15,BTCUSD_PERP,bid,59600,530.14
2024-09-15 08:19:16,BTCUSD_PERP,bid,59700,530.79
2024-09-15 08:19:17,BTCUSD_PERP,bid,59600,515.6
2024-09-15 08:19:17,BTCUSD_PERP,bid,59700,589.9
2024-09-15 08:19:17,BTCUSD_PERP,bid,59600,574.65
2024-09-15 08:19:17,BTCUSD_PERP,bid,59700,825.14
2024-09-15 08:19:17,BTCUSD_PERP,bid,59500,515.51
2024-09-15 08:19:18,BTCUSD_PERP,bid,59500,523.24
2024-09-15 08:20:01,BTCUSD_PERP,bid,59700,766.03
2024-09-15 08:20:01,BTCUSD_PERP,bid,59700,707.52
2024-09-15 08:20:01,BTCUSD_PERP,bid,59700,530.79
2024-09-15 08:32:40,BTCUSD_PERP,bid,59700,529.67
2024-09-15 08:32:40,BTCUSD_PERP,bid,59700,588.2
2024-09-15 08:34:14,BTCUSD_PERP,bid,59700,531.15
2024-09-15 08:34:25,BTCUSD_PERP,bid,59700,529.67
2024-09-15 08:34:28,BTCUSD_PERP,bid,59700,647.06
2024-09-15 08:35:34,BTCUSD_PERP,bid,59700,529.67
2024-09-15 08:36:42,BTCUSD_PERP,bid,59700,530.86
2024-09-15 08:43:46,BTCUSD_PERP,bid,59600,530.59
