2024-09-14 14:36:56,SOLUSDT,ask,144,37884.0
2024-09-14 14:37:10,SOLUSDT,bid,135,9776.0
2024-09-14 14:37:12,SOLUSDT,ask,140,33386.0
2024-09-14 14:37:16,SOLUSDT,bid,135,9780.0
2024-09-14 14:37:27,SOLUSDT,bid,137,11675.0
2024-09-14 14:39:50,SOLUSDT,bid,137,11612.0
2024-09-14 14:39:55,SOLUSDT,ask,141,9387.0
2024-09-14 14:40:08,SOLUSDT,ask,145,24249.0
2024-09-14 14:40:12,SOLUSDT,bid,137,11611.0
2024-09-14 14:40:24,SOLUSDT,bid,135,9782.0
2024-09-14 14:40:49,SOLUSDT,bid,128,8662.0
2024-09-14 14:41:14,SOLUSDT,bid,135,9787.0
2024-09-14 14:41:21,SOLUSDT,bid,137,11615.0
2024-09-14 14:41:46,SOLUSDT,bid,137,11616.0
2024-09-14 14:41:49,SOLUSDT,bid,137,11615.0
2024-09-14 14:41:55,SOLUSDT,bid,137,11614.0
2024-09-14 14:42:05,SOLUSDT,ask,147,21387.0
2024-09-14 14:42:09,SOLUSDT,ask,145,24247.0
2024-09-14 14:42:16,SOLUSDT,ask,146,15702.0
2024-09-14 14:42:16,SOLUSDT,ask,144,37875.0
2024-09-14 14:42:17,SOLUSDT,ask,144,37914.0
2024-09-14 14:42:17,SOLUSDT,ask,140,33370.0
2024-09-14 14:42:33,SOLUSDT,bid,137,11616.0
2024-09-14 14:42:34,SOLUSDT,bid,133,10272.0
2024-09-14 14:42:34,SOLUSDT,bid,110,20481.0
2024-09-14 14:42:34,SOLUSDT,bid,136,8216.0
2024-09-14 14:42:37,SOLUSDT,ask,141,10264.0
2024-09-14 14:42:37,SOLUSDT,ask,138,8213.0
2024-09-14 14:42:37,SOLUSDT,bid,137,11620.0
2024-09-14 14:42:53,SOLUSDT,bid,137,11634.0
2024-09-14 14:43:03,SOLUSDT,bid,137,11906.0
2024-09-14 14:43:22,SOLUSDT,bid,137,12006.0
2024-09-14 14:43:32,SOLUSDT,ask,144,37875.0
2024-09-14 14:43:45,SOLUSDT,bid,137,12004.0
2024-09-14 14:43:46,SOLUSDT,bid,137,12009.0
2024-09-14 14:43:59,SOLUSDT,ask,143,14035.0
2024-09-14 14:44:03,SOLUSDT,bid,137,12005.0
2024-09-14 14:44:10,SOLUSDT,bid,137,12013.0
2024-09-14 14:44:10,SOLUSDT,bid,135,9781.0
2024-09-14 14:44:18,SOLUSDT,bid,137,12008.0
2024-09-14 14:44:21,SOLUSDT,bid,137,12000.0
2024-09-14 14:44:28,SOLUSDT,bid,137,12024.0
2024-09-14 14:44:46,SOLUSDT,bid,137,12025.0
2024-09-14 14:44:51,SOLUSDT,ask,140,33371.0
2024-09-14 14:44:57,SOLUSDT,ask,141,9388.0
2024-09-14 14:45:10,SOLUSDT,ask,137,10125.0
2024-09-14 14:45:13,SOLUSDT,ask,137,10131.0
2024-09-14 14:45:13,SOLUSDT,ask,137,10125.0
2024-09-14 14:45:17,SOLUSDT,bid,137,12029.0
2024-09-14 14:45:20,SOLUSDT,ask,137,10132.0
2024-09-14 14:45:26,SOLUSDT,bid,137,12034.0
2024-09-14 14:45:26,SOLUSDT,ask,137,10180.0
2024-09-14 14:45:27,SOLUSDT,ask,137,10173.0
2024-09-14 14:45:30,SOLUSDT,ask,146,15698.0
2024-09-14 14:45:30,SOLUSDT,ask,137,10203.0
2024-09-14 14:45:37,SOLUSDT,ask,137,10518.0
2024-09-14 14:45:37,SOLUSDT,ask,137,10203.0
2024-09-14 14:45:50,SOLUSDT,bid,137,12031.0
2024-09-14 14:45:53,SOLUSDT,ask,137,10255.0
2024-09-14 14:45:56,SOLUSDT,ask,137,10207.0
2024-09-14 14:45:59,SOLUSDT,ask,137,10177.0
2024-09-14 14:46:15,SOLUSDT,bid,135,9606.0
2024-09-14 14:46:15,SOLUSDT,bid,137,11931.0
2024-09-14 14:46:15,SOLUSDT,ask,137,10179.0
2024-09-14 14:46:21,SOLUSDT,ask,137,10059.0
2024-09-14 14:46:21,SOLUSDT,bid,137,11924.0
2024-09-14 14:46:22,SOLUSDT,ask,137,10007.0
2024-09-14 14:46:24,SOLUSDT,ask,137,10008.0
2024-09-14 14:46:26,SOLUSDT,ask,137,10015.0
2024-09-14 14:46:34,SOLUSDT,bid,128,8660.0
2024-09-14 14:46:37,SOLUSDT,bid,110,20472.0
2024-09-14 14:46:37,SOLUSDT,ask,137,10015.0
2024-09-14 14:46:43,SOLUSDT,ask,137,10015.0
2024-09-14 14:46:46,SOLUSDT,ask,137,10013.0
2024-09-14 14:46:49,SOLUSDT,bid,137,12004.0
2024-09-14 14:46:50,SOLUSDT,ask,137,10040.0
2024-09-14 14:46:53,SOLUSDT,ask,137,10042.0
2024-09-14 14:46:53,SOLUSDT,ask,137,10069.0
2024-09-14 14:46:53,SOLUSDT,ask,137,10068.0
2024-09-14 14:46:53,SOLUSDT,bid,110,20463.0
2024-09-14 14:47:08,SOLUSDT,bid,137,12056.0
2024-09-14 14:47:09,SOLUSDT,ask,137,10383.0
2024-09-14 14:47:11,SOLUSDT,ask,137,10068.0
2024-09-14 14:47:12,SOLUSDT,ask,140,33377.0
2024-09-14 14:47:18,SOLUSDT,ask,137,10383.0
2024-09-14 14:47:18,SOLUSDT,ask,137,10068.0
2024-09-14 14:47:20,SOLUSDT,ask,137,10066.0
2024-09-14 14:47:20,SOLUSDT,ask,137,10039.0
2024-09-14 14:47:21,SOLUSDT,ask,137,10076.0
2024-09-14 14:47:27,SOLUSDT,ask,137,10075.0
2024-09-14 14:47:34,SOLUSDT,ask,137,10075.0
2024-09-14 14:47:34,SOLUSDT,ask,137,10075.0
2024-09-14 14:47:34,SOLUSDT,bid,135,9616.0
2024-09-14 14:47:34,SOLUSDT,ask,137,10076.0
2024-09-14 14:47:34,SOLUSDT,ask,137,10069.0
2024-09-14 14:47:34,SOLUSDT,ask,137,10068.0
2024-09-14 14:47:39,SOLUSDT,ask,137,10069.0
2024-09-14 14:47:40,SOLUSDT,ask,137,10068.0
2024-09-14 14:47:50,SOLUSDT,ask,137,10075.0
2024-09-14 14:47:50,SOLUSDT,bid,137,11556.0
2024-09-14 14:47:50,SOLUSDT,ask,137,10038.0
2024-09-14 14:47:56,SOLUSDT,bid,137,11560.0
2024-09-14 14:47:56,SOLUSDT,ask,137,10038.0
2024-09-14 14:47:56,SOLUSDT,bid,137,11760.0
2024-09-14 14:47:59,SOLUSDT,bid,137,11749.0
2024-09-14 14:48:03,SOLUSDT,ask,137,10011.0
2024-09-14 14:48:05,SOLUSDT,bid,137,11751.0
2024-09-14 14:48:09,SOLUSDT,ask,137,10044.0
2024-09-14 14:48:09,SOLUSDT,ask,137,10011.0
2024-09-14 14:48:12,SOLUSDT,ask,137,10011.0
2024-09-14 14:48:12,SOLUSDT,ask,137,10093.0
2024-09-14 14:48:15,SOLUSDT,ask,137,10086.0
2024-09-14 14:48:15,SOLUSDT,ask,137,10093.0
2024-09-14 14:48:17,SOLUSDT,ask,137,10086.0
2024-09-14 14:48:17,SOLUSDT,ask,137,10093.0
2024-09-14 14:48:20,SOLUSDT,ask,137,10093.0
2024-09-14 14:48:20,SOLUSDT,ask,137,10093.0
2024-09-14 14:48:23,SOLUSDT,ask,137,10093.0
2024-09-14 14:48:24,SOLUSDT,ask,146,15630.0
2024-09-14 14:48:27,SOLUSDT,ask,137,10093.0
2024-09-14 14:48:27,SOLUSDT,ask,137,10202.0
2024-09-14 14:48:27,SOLUSDT,ask,137,10205.0
2024-09-14 14:48:27,SOLUSDT,ask,137,10093.0
2024-09-14 14:48:30,SOLUSDT,ask,137,10104.0
2024-09-14 14:48:32,SOLUSDT,ask,137,10093.0
2024-09-14 14:48:36,SOLUSDT,ask,137,10086.0
2024-09-14 14:48:39,SOLUSDT,ask,137,10085.0
2024-09-14 14:48:52,SOLUSDT,ask,144,39233.0
2024-09-14 14:48:52,SOLUSDT,bid,135,9538.0
2024-09-14 14:48:59,SOLUSDT,ask,137,10086.0
2024-09-14 14:48:59,SOLUSDT,ask,137,10085.0
2024-09-14 14:49:01,SOLUSDT,ask,137,10085.0
2024-09-14 14:49:01,SOLUSDT,bid,137,11951.0
2024-09-14 14:49:05,SOLUSDT,bid,137,12024.0
2024-09-14 14:49:07,SOLUSDT,ask,137,10101.0
2024-09-14 14:49:07,SOLUSDT,ask,137,10133.0
2024-09-14 14:49:07,SOLUSDT,ask,137,10101.0
2024-09-14 14:49:07,SOLUSDT,ask,137,10137.0
2024-09-14 14:49:07,SOLUSDT,ask,137,10101.0
2024-09-14 14:49:07,SOLUSDT,ask,138,8309.0
2024-09-14 14:49:09,SOLUSDT,ask,138,8213.0
2024-09-14 14:49:09,SOLUSDT,ask,138,8309.0
2024-09-14 14:49:09,SOLUSDT,ask,138,8213.0
2024-09-14 14:49:09,SOLUSDT,ask,137,10137.0
2024-09-14 14:49:09,SOLUSDT,ask,137,10133.0
2024-09-14 14:49:09,SOLUSDT,ask,137,10203.0
2024-09-14 14:49:09,SOLUSDT,ask,137,10101.0
2024-09-14 14:49:09,SOLUSDT,ask,137,10198.0
2024-09-14 14:49:09,SOLUSDT,ask,137,10234.0
2024-09-14 14:49:10,SOLUSDT,ask,137,10137.0
2024-09-14 14:49:12,SOLUSDT,ask,137,10240.0
2024-09-14 14:49:12,SOLUSDT,bid,137,12020.0
2024-09-14 14:49:12,SOLUSDT,ask,137,10101.0
2024-09-14 14:49:12,SOLUSDT,bid,137,12040.0
2024-09-14 14:49:12,SOLUSDT,ask,137,10201.0
2024-09-14 14:49:12,SOLUSDT,ask,137,10101.0
2024-09-14 14:49:12,SOLUSDT,ask,137,10206.0
2024-09-14 14:49:12,SOLUSDT,ask,137,10242.0
2024-09-14 14:49:16,SOLUSDT,ask,137,10259.0
2024-09-14 14:49:16,SOLUSDT,ask,137,10243.0
2024-09-14 14:49:16,SOLUSDT,ask,137,10226.0
2024-09-14 14:49:16,SOLUSDT,ask,137,10121.0
2024-09-14 14:49:18,SOLUSDT,ask,137,10139.0
2024-09-14 14:49:18,SOLUSDT,ask,137,10121.0
2024-09-14 14:49:18,SOLUSDT,ask,137,10124.0
2024-09-14 14:49:18,SOLUSDT,ask,137,10085.0
2024-09-14 14:49:18,SOLUSDT,ask,137,10088.0
2024-09-14 14:49:21,SOLUSDT,ask,137,10088.0
2024-09-14 14:49:21,SOLUSDT,ask,137,10087.0
2024-09-14 14:49:21,SOLUSDT,ask,137,10090.0
2024-09-14 14:49:22,SOLUSDT,ask,137,10087.0
2024-09-14 14:49:24,SOLUSDT,ask,137,10087.0
2024-09-14 14:49:24,SOLUSDT,ask,137,10090.0
2024-09-14 14:49:24,SOLUSDT,ask,143,23658.0
2024-09-14 14:49:24,SOLUSDT,ask,137,10087.0
2024-09-14 14:49:24,SOLUSDT,ask,137,10090.0
2024-09-14 14:49:24,SOLUSDT,ask,137,10087.0
2024-09-14 14:49:24,SOLUSDT,ask,137,10090.0
2024-09-14 14:49:24,SOLUSDT,ask,137,10088.0
2024-09-14 14:49:25,SOLUSDT,ask,137,10091.0
2024-09-14 14:49:25,SOLUSDT,ask,137,10088.0
2024-09-14 14:49:27,SOLUSDT,ask,137,10088.0
2024-09-14 14:49:27,SOLUSDT,ask,137,10087.0
2024-09-14 14:49:27,SOLUSDT,bid,137,12048.0
2024-09-14 14:49:27,SOLUSDT,ask,137,10090.0
2024-09-14 14:49:27,SOLUSDT,ask,137,10216.0
2024-09-14 14:49:27,SOLUSDT,ask,137,10240.0
2024-09-14 14:49:27,SOLUSDT,bid,110,20464.0
2024-09-14 14:49:27,SOLUSDT,ask,137,10236.0
2024-09-14 14:49:27,SOLUSDT,bid,110,20463.0
2024-09-14 14:49:27,SOLUSDT,ask,137,10147.0
2024-09-14 14:49:27,SOLUSDT,ask,137,10150.0
2024-09-14 14:49:27,SOLUSDT,ask,137,10151.0
2024-09-14 14:49:28,SOLUSDT,bid,110,20464.0
2024-09-14 14:49:28,SOLUSDT,ask,137,10150.0
2024-09-14 14:49:28,SOLUSDT,bid,110,20463.0
2024-09-14 14:49:28,SOLUSDT,ask,137,10151.0
2024-09-14 14:49:28,SOLUSDT,ask,137,10147.0
2024-09-14 14:49:28,SOLUSDT,ask,137,9981.0
2024-09-14 14:49:28,SOLUSDT,ask,137,9985.0
2024-09-14 14:49:28,SOLUSDT,bid,110,20463.0
2024-09-14 14:49:28,SOLUSDT,ask,137,9880.0
2024-09-14 14:49:30,SOLUSDT,ask,137,9929.0
2024-09-14 14:49:30,SOLUSDT,bid,110,20463.0
2024-09-14 14:49:30,SOLUSDT,ask,137,9930.0
2024-09-14 14:49:30,SOLUSDT,bid,110,20463.0
2024-09-14 14:49:30,SOLUSDT,ask,137,9927.0
2024-09-14 14:49:30,SOLUSDT,bid,110,20464.0
2024-09-14 14:49:30,SOLUSDT,bid,110,20463.0
2024-09-14 14:49:30,SOLUSDT,ask,137,9927.0
2024-09-14 14:49:30,SOLUSDT,ask,137,9921.0
2024-09-14 14:49:30,SOLUSDT,ask,137,9948.0
2024-09-14 14:49:30,SOLUSDT,ask,137,9765.0
2024-09-14 14:49:30,SOLUSDT,ask,137,9665.0
2024-09-14 14:49:31,SOLUSDT,bid,110,20463.0
2024-09-14 14:49:31,SOLUSDT,ask,137,9665.0
2024-09-14 14:49:31,SOLUSDT,ask,137,9501.0
2024-09-14 14:49:31,SOLUSDT,ask,137,9504.0
2024-09-14 14:49:31,SOLUSDT,bid,110,20463.0
2024-09-14 14:49:32,SOLUSDT,ask,137,9506.0
2024-09-14 14:49:32,SOLUSDT,bid,110,20463.0
2024-09-14 14:49:32,SOLUSDT,bid,110,20463.0
2024-09-14 14:49:32,SOLUSDT,ask,137,9508.0
2024-09-14 14:49:32,SOLUSDT,ask,137,9491.0
2024-09-14 14:49:32,SOLUSDT,ask,137,9470.0
2024-09-14 14:49:32,SOLUSDT,ask,137,9471.0
2024-09-14 14:49:32,SOLUSDT,bid,110,20463.0
2024-09-14 14:49:32,SOLUSDT,bid,110,20464.0
2024-09-14 14:49:32,SOLUSDT,bid,110,20463.0
2024-09-14 14:49:36,SOLUSDT,bid,110,20463.0
2024-09-14 14:49:36,SOLUSDT,bid,110,20463.0
2024-09-14 14:49:37,SOLUSDT,bid,110,20463.0
2024-09-14 14:49:37,SOLUSDT,bid,110,20464.0
2024-09-14 14:49:37,SOLUSDT,bid,110,20463.0
2024-09-14 14:49:37,SOLUSDT,bid,110,20464.0
2024-09-14 14:49:37,SOLUSDT,bid,110,20463.0
2024-09-14 14:49:37,SOLUSDT,bid,110,20464.0
2024-09-14 14:49:37,SOLUSDT,bid,110,20463.0
2024-09-14 14:49:38,SOLUSDT,bid,110,20464.0
2024-09-14 14:49:38,SOLUSDT,bid,110,20463.0
2024-09-14 14:49:38,SOLUSDT,bid,110,20463.0
2024-09-14 14:49:38,SOLUSDT,bid,110,20463.0
2024-09-14 14:49:38,SOLUSDT,bid,110,20463.0
2024-09-14 14:49:38,SOLUSDT,bid,137,11848.0
2024-09-14 14:49:38,SOLUSDT,bid,110,20463.0
2024-09-14 14:49:38,SOLUSDT,bid,110,20463.0
2024-09-14 14:49:38,SOLUSDT,bid,137,11847.0
2024-09-14 14:49:40,SOLUSDT,bid,110,20463.0
2024-09-14 14:49:40,SOLUSDT,bid,110,20463.0
2024-09-14 14:49:40,SOLUSDT,bid,110,20464.0
2024-09-14 14:49:40,SOLUSDT,bid,110,20463.0
2024-09-14 14:49:40,SOLUSDT,bid,110,20464.0
2024-09-14 14:49:40,SOLUSDT,bid,110,20463.0
2024-09-14 14:49:41,SOLUSDT,bid,110,20464.0
2024-09-14 14:49:41,SOLUSDT,bid,110,20463.0
2024-09-14 14:49:43,SOLUSDT,bid,110,20464.0
2024-09-14 14:49:43,SOLUSDT,bid,110,20463.0
2024-09-14 14:49:43,SOLUSDT,bid,110,20463.0
2024-09-14 14:49:43,SOLUSDT,bid,110,20463.0
2024-09-14 14:49:43,SOLUSDT,bid,110,20463.0
2024-09-14 14:49:44,SOLUSDT,bid,110,20463.0
2024-09-14 14:49:46,SOLUSDT,bid,110,20463.0
2024-09-14 14:49:46,SOLUSDT,bid,110,20463.0
2024-09-14 14:49:46,SOLUSDT,bid,110,20464.0
2024-09-14 14:49:46,SOLUSDT,bid,110,20463.0
2024-09-14 14:49:46,SOLUSDT,bid,120,15367.0
2024-09-14 14:49:46,SOLUSDT,bid,125,12284.0
2024-09-14 14:49:46,SOLUSDT,bid,110,20464.0
2024-09-14 14:49:47,SOLUSDT,bid,110,20463.0
2024-09-14 14:49:47,SOLUSDT,bid,110,20464.0
2024-09-14 14:49:47,SOLUSDT,bid,110,20463.0
2024-09-14 14:49:47,SOLUSDT,bid,110,20464.0
2024-09-14 14:49:47,SOLUSDT,bid,110,20463.0
2024-09-14 14:49:50,SOLUSDT,bid,110,20463.0
2024-09-14 14:49:50,SOLUSDT,bid,110,20463.0
2024-09-14 14:49:50,SOLUSDT,bid,110,20463.0
2024-09-14 14:49:50,SOLUSDT,bid,110,20463.0
2024-09-14 14:49:50,SOLUSDT,bid,110,20463.0
2024-09-14 14:49:50,SOLUSDT,bid,110,20464.0
2024-09-14 14:49:50,SOLUSDT,bid,110,20463.0
2024-09-14 14:49:53,SOLUSDT,bid,110,20464.0
2024-09-14 14:49:53,SOLUSDT,bid,110,20463.0
2024-09-14 14:49:54,SOLUSDT,bid,110,20464.0
2024-09-14 14:49:54,SOLUSDT,bid,110,20463.0
2024-09-14 14:49:54,SOLUSDT,bid,110,20463.0
2024-09-14 14:49:54,SOLUSDT,bid,110,20464.0
2024-09-14 14:49:54,SOLUSDT,bid,110,20463.0
2024-09-14 14:49:54,SOLUSDT,bid,110,20464.0
2024-09-14 14:49:54,SOLUSDT,bid,110,20463.0
2024-09-14 14:49:54,SOLUSDT,bid,110,20464.0
2024-09-14 14:49:54,SOLUSDT,bid,110,20463.0
2024-09-14 14:49:58,SOLUSDT,bid,110,20463.0
2024-09-14 14:49:58,SOLUSDT,bid,110,20463.0
2024-09-14 14:49:58,SOLUSDT,ask,138,8224.0
2024-09-14 14:49:58,SOLUSDT,bid,110,20463.0
2024-09-14 14:49:58,SOLUSDT,bid,110,20463.0
2024-09-14 14:49:58,SOLUSDT,bid,110,20464.0
2024-09-14 14:49:58,SOLUSDT,bid,110,20463.0
2024-09-14 14:49:58,SOLUSDT,bid,137,11849.0
2024-09-14 14:49:58,SOLUSDT,bid,110,20464.0
2024-09-14 14:49:58,SOLUSDT,bid,110,20463.0
2024-09-14 14:50:00,SOLUSDT,bid,110,20464.0
2024-09-14 14:50:00,SOLUSDT,bid,110,20463.0
2024-09-14 14:50:00,SOLUSDT,bid,110,20464.0
2024-09-14 14:50:00,SOLUSDT,bid,110,20463.0
2024-09-14 14:50:00,SOLUSDT,bid,110,20464.0
2024-09-14 14:50:00,SOLUSDT,bid,110,20463.0
2024-09-14 14:50:00,SOLUSDT,bid,110,20464.0
2024-09-14 14:50:00,SOLUSDT,bid,110,20463.0
2024-09-14 14:50:01,SOLUSDT,bid,125,12283.0
2024-09-14 14:50:01,SOLUSDT,bid,128,8659.0
2024-09-14 14:50:01,SOLUSDT,bid,110,20463.0
2024-09-14 14:50:01,SOLUSDT,bid,110,20463.0
