2024-08-14 12:16:29,SOLUSDT,bid,56,89293.0
2024-08-14 12:16:29,SOLUSDT,bid,74,69658.0
2024-08-14 12:27:34,SOLUSDT,ask,176,28987.0
2024-08-14 13:32:09,SOLUSDT,ask,175,29443.0
2024-08-14 13:34:17,SOLUSDT,ask,175,29442.0
2024-08-14 16:06:08,SOLUSDT,bid,146,86108.0
2024-08-14 16:06:10,SOLUSDT,bid,146,80451.0
2024-08-14 16:06:10,SOLUSDT,bid,146,80451.0
2024-08-14 16:06:11,SOLUSDT,bid,146,80434.0
2024-08-14 16:06:11,SOLUSDT,bid,146,80457.0
2024-08-14 16:06:11,SOLUSDT,bid,146,80436.0
2024-08-14 16:06:11,SOLUSDT,bid,146,80441.0
2024-08-14 16:06:11,SOLUSDT,bid,146,80447.0
2024-08-14 16:06:11,SOLUSDT,bid,146,80448.0
2024-08-14 16:06:12,SOLUSDT,bid,146,80449.0
2024-08-14 16:06:12,SOLUSDT,bid,146,80462.0
2024-08-14 16:06:12,SOLUSDT,bid,146,80463.0
2024-08-14 16:06:12,SOLUSDT,bid,146,80464.0
2024-08-14 16:06:12,SOLUSDT,bid,146,80229.0
2024-08-14 16:06:12,SOLUSDT,bid,146,80235.0
2024-08-14 16:06:12,SOLUSDT,bid,146,80253.0
2024-08-14 16:06:12,SOLUSDT,bid,146,80249.0
2024-08-14 16:06:12,SOLUSDT,bid,146,80250.0
2024-08-14 16:06:13,SOLUSDT,bid,146,80251.0
2024-08-14 16:06:13,SOLUSDT,bid,146,81006.0
2024-08-14 16:06:13,SOLUSDT,bid,146,81007.0
2024-08-14 16:06:13,SOLUSDT,bid,146,81003.0
2024-08-14 16:06:13,SOLUSDT,bid,146,80249.0
2024-08-14 16:06:13,SOLUSDT,bid,146,80249.0
2024-08-14 16:06:13,SOLUSDT,bid,146,80290.0
2024-08-14 16:06:13,SOLUSDT,bid,146,80296.0
2024-08-14 16:06:13,SOLUSDT,bid,146,80211.0
2024-08-14 16:06:13,SOLUSDT,bid,146,80290.0
2024-08-14 16:06:13,SOLUSDT,bid,146,80294.0
2024-08-14 16:06:13,SOLUSDT,bid,146,80296.0
2024-08-14 16:06:13,SOLUSDT,bid,146,80298.0
2024-08-14 16:06:13,SOLUSDT,bid,146,80299.0
2024-08-14 16:06:14,SOLUSDT,bid,146,80300.0
2024-08-14 16:06:14,SOLUSDT,bid,146,80299.0
2024-08-14 16:06:14,SOLUSDT,bid,146,80292.0
2024-08-14 16:06:14,SOLUSDT,bid,146,80293.0
2024-08-14 16:06:14,SOLUSDT,bid,146,80293.0
2024-08-14 16:06:14,SOLUSDT,bid,146,80298.0
2024-08-14 16:06:14,SOLUSDT,bid,146,79984.0
2024-08-14 16:06:14,SOLUSDT,bid,146,79974.0
2024-08-14 16:06:15,SOLUSDT,bid,146,79975.0
2024-08-14 16:06:15,SOLUSDT,bid,146,79976.0
2024-08-14 16:06:15,SOLUSDT,bid,146,79971.0
2024-08-14 16:06:15,SOLUSDT,bid,146,79974.0
2024-08-14 16:06:15,SOLUSDT,bid,146,79054.0
2024-08-14 16:06:15,SOLUSDT,bid,146,79059.0
2024-08-14 16:06:15,SOLUSDT,bid,146,79063.0
2024-08-14 16:06:15,SOLUSDT,bid,146,78714.0
2024-08-14 16:06:15,SOLUSDT,bid,146,78733.0
2024-08-14 16:06:16,SOLUSDT,bid,146,78434.0
2024-08-14 16:06:16,SOLUSDT,bid,146,78418.0
2024-08-14 16:06:16,SOLUSDT,bid,146,78419.0
2024-08-14 16:06:16,SOLUSDT,bid,146,78418.0
2024-08-14 16:06:16,SOLUSDT,bid,146,78420.0
2024-08-14 16:06:16,SOLUSDT,bid,146,78418.0
2024-08-14 16:06:16,SOLUSDT,bid,146,78424.0
2024-08-14 16:06:16,SOLUSDT,bid,146,78425.0
2024-08-14 16:06:16,SOLUSDT,bid,146,78408.0
2024-08-14 16:06:16,SOLUSDT,bid,146,78392.0
2024-08-14 16:06:16,SOLUSDT,bid,146,78393.0
2024-08-14 16:06:17,SOLUSDT,bid,146,78398.0
2024-08-14 16:06:17,SOLUSDT,bid,146,78399.0
2024-08-14 16:06:17,SOLUSDT,bid,146,78398.0
2024-08-14 16:06:17,SOLUSDT,bid,146,78399.0
2024-08-14 16:06:17,SOLUSDT,bid,146,78350.0
2024-08-14 16:06:17,SOLUSDT,bid,146,78534.0
2024-08-14 16:06:17,SOLUSDT,bid,146,78492.0
2024-08-14 16:06:18,SOLUSDT,bid,146,78456.0
2024-08-14 16:06:18,SOLUSDT,bid,146,78455.0
2024-08-14 16:06:18,SOLUSDT,bid,146,78456.0
2024-08-14 16:06:18,SOLUSDT,bid,146,78457.0
2024-08-14 16:06:18,SOLUSDT,bid,146,78148.0
2024-08-14 16:06:18,SOLUSDT,bid,146,78167.0
2024-08-14 16:06:18,SOLUSDT,bid,146,78168.0
2024-08-14 16:06:19,SOLUSDT,bid,146,78169.0
2024-08-14 16:06:19,SOLUSDT,bid,146,78170.0
2024-08-14 16:06:19,SOLUSDT,bid,146,78171.0
2024-08-14 16:06:19,SOLUSDT,bid,146,78177.0
2024-08-14 16:06:19,SOLUSDT,bid,146,78176.0
2024-08-14 16:06:20,SOLUSDT,bid,146,78165.0
2024-08-14 16:06:20,SOLUSDT,bid,146,78154.0
2024-08-14 16:06:20,SOLUSDT,bid,146,78152.0
2024-08-14 16:06:20,SOLUSDT,bid,146,78252.0
2024-08-14 16:06:21,SOLUSDT,bid,146,78152.0
2024-08-14 16:06:21,SOLUSDT,bid,146,78148.0
2024-08-14 16:06:22,SOLUSDT,bid,146,78149.0
2024-08-14 16:06:22,SOLUSDT,bid,146,78140.0
2024-08-14 16:06:22,SOLUSDT,bid,146,78169.0
2024-08-14 16:06:22,SOLUSDT,bid,146,78169.0
2024-08-14 16:06:23,SOLUSDT,bid,146,78237.0
2024-08-14 16:06:23,SOLUSDT,bid,146,78169.0
2024-08-14 16:06:23,SOLUSDT,bid,146,78271.0
2024-08-14 16:06:24,SOLUSDT,bid,146,78169.0
2024-08-14 16:06:24,SOLUSDT,bid,146,78219.0
2024-08-14 16:06:25,SOLUSDT,bid,146,78219.0
2024-08-14 16:06:25,SOLUSDT,bid,146,78198.0
2024-08-14 16:06:25,SOLUSDT,bid,146,78148.0
2024-08-14 16:06:26,SOLUSDT,bid,146,78198.0
2024-08-14 16:06:26,SOLUSDT,bid,146,78148.0
2024-08-14 16:06:26,SOLUSDT,bid,146,78198.0
2024-08-14 16:06:27,SOLUSDT,bid,146,78232.0
2024-08-14 16:06:27,SOLUSDT,bid,146,78232.0
2024-08-14 16:06:27,SOLUSDT,bid,146,78300.0
2024-08-14 16:06:27,SOLUSDT,bid,146,78232.0
2024-08-14 16:06:27,SOLUSDT,bid,146,78182.0
2024-08-14 16:06:27,SOLUSDT,bid,146,78148.0
2024-08-14 16:06:27,SOLUSDT,bid,146,78152.0
2024-08-14 16:06:28,SOLUSDT,bid,146,78148.0
2024-08-14 16:06:28,SOLUSDT,bid,146,78198.0
2024-08-14 16:06:29,SOLUSDT,bid,146,78148.0
2024-08-14 16:06:29,SOLUSDT,bid,146,78198.0
2024-08-14 16:06:29,SOLUSDT,bid,146,78198.0
2024-08-14 16:06:30,SOLUSDT,bid,146,78198.0
2024-08-14 16:06:31,SOLUSDT,bid,146,78198.0
2024-08-14 16:06:31,SOLUSDT,bid,146,78148.0
2024-08-14 16:06:31,SOLUSDT,bid,146,78198.0
2024-08-14 16:06:32,SOLUSDT,bid,146,78198.0
2024-08-14 16:06:32,SOLUSDT,bid,146,78198.0
2024-08-14 16:06:33,SOLUSDT,bid,146,78198.0
2024-08-14 16:06:33,SOLUSDT,bid,146,78199.0
2024-08-14 16:06:33,SOLUSDT,bid,146,78149.0
2024-08-14 16:06:34,SOLUSDT,bid,146,78199.0
2024-08-14 16:06:34,SOLUSDT,bid,146,78199.0
2024-08-14 16:06:35,SOLUSDT,bid,146,78199.0
2024-08-14 16:06:36,SOLUSDT,bid,146,78149.0
2024-08-14 16:06:36,SOLUSDT,bid,146,78199.0
2024-08-14 16:06:36,SOLUSDT,bid,146,78149.0
2024-08-14 16:06:37,SOLUSDT,bid,146,78199.0
2024-08-14 16:06:37,SOLUSDT,bid,146,78149.0
2024-08-14 16:06:38,SOLUSDT,bid,146,78154.0
2024-08-14 16:06:40,SOLUSDT,bid,146,78187.0
2024-08-14 16:06:41,SOLUSDT,bid,146,78214.0
2024-08-14 16:06:43,SOLUSDT,bid,146,78180.0
2024-08-14 16:06:44,SOLUSDT,bid,146,78320.0
2024-08-14 16:06:45,SOLUSDT,bid,146,78325.0
2024-08-14 16:06:45,SOLUSDT,bid,146,78320.0
2024-08-14 16:06:45,SOLUSDT,bid,146,78320.0
2024-08-14 16:06:45,SOLUSDT,bid,146,78320.0
2024-08-14 16:06:46,SOLUSDT,bid,146,78183.0
2024-08-14 16:06:46,SOLUSDT,bid,146,78180.0
2024-08-14 16:06:46,SOLUSDT,bid,146,78180.0
2024-08-14 16:06:46,SOLUSDT,bid,146,78185.0
2024-08-14 16:06:47,SOLUSDT,bid,146,78180.0
2024-08-14 16:06:48,SOLUSDT,bid,146,78280.0
2024-08-14 16:06:48,SOLUSDT,bid,146,78176.0
2024-08-14 16:06:48,SOLUSDT,bid,146,78179.0
2024-08-14 16:06:48,SOLUSDT,bid,146,78176.0
2024-08-14 16:06:49,SOLUSDT,bid,146,78177.0
2024-08-14 16:06:49,SOLUSDT,bid,146,78180.0
2024-08-14 16:06:49,SOLUSDT,bid,146,78179.0
2024-08-14 16:06:52,SOLUSDT,bid,146,78176.0
2024-08-14 16:06:53,SOLUSDT,bid,146,78175.0
2024-08-14 16:06:57,SOLUSDT,bid,146,78180.0
2024-08-14 16:06:57,SOLUSDT,bid,146,78175.0
2024-08-14 16:06:58,SOLUSDT,bid,146,78191.0
2024-08-14 16:06:58,SOLUSDT,bid,146,78191.0
2024-08-14 16:06:59,SOLUSDT,bid,146,78196.0
2024-08-14 16:06:59,SOLUSDT,bid,146,78191.0
2024-08-14 16:07:02,SOLUSDT,bid,146,78175.0
2024-08-14 16:07:03,SOLUSDT,bid,146,78176.0
2024-08-14 16:07:07,SOLUSDT,bid,146,78175.0
2024-08-14 16:07:08,SOLUSDT,bid,146,78180.0
2024-08-14 16:07:08,SOLUSDT,bid,146,78175.0
2024-08-14 16:07:08,SOLUSDT,bid,146,78180.0
2024-08-14 16:07:08,SOLUSDT,bid,146,78175.0
2024-08-14 16:07:08,SOLUSDT,bid,146,78163.0
2024-08-14 16:07:09,SOLUSDT,bid,146,78168.0
2024-08-14 16:07:09,SOLUSDT,bid,146,78163.0
2024-08-14 16:07:11,SOLUSDT,bid,146,78163.0
2024-08-14 16:07:12,SOLUSDT,bid,146,78168.0
2024-08-14 16:07:12,SOLUSDT,bid,146,78163.0
2024-08-14 16:07:13,SOLUSDT,bid,146,78165.0
2024-08-14 16:07:13,SOLUSDT,bid,146,78163.0
2024-08-14 16:07:16,SOLUSDT,bid,146,78163.0
2024-08-14 16:07:18,SOLUSDT,bid,146,78166.0
2024-08-14 16:07:18,SOLUSDT,bid,146,78163.0
2024-08-14 16:07:19,SOLUSDT,bid,146,78168.0
2024-08-14 16:07:19,SOLUSDT,bid,146,78163.0
2024-08-14 16:07:19,SOLUSDT,bid,146,78166.0
2024-08-14 16:07:19,SOLUSDT,bid,146,78163.0
2024-08-14 16:07:19,SOLUSDT,bid,146,78213.0
2024-08-14 16:07:19,SOLUSDT,bid,146,78216.0
2024-08-14 16:07:20,SOLUSDT,bid,146,78213.0
2024-08-14 16:07:20,SOLUSDT,bid,146,78227.0
2024-08-14 16:07:20,SOLUSDT,bid,146,78230.0
2024-08-14 16:07:20,SOLUSDT,bid,146,78227.0
2024-08-14 16:07:21,SOLUSDT,bid,146,78230.0
2024-08-14 16:07:21,SOLUSDT,bid,146,78227.0
2024-08-14 16:07:21,SOLUSDT,bid,146,78227.0
2024-08-14 16:07:21,SOLUSDT,bid,146,78230.0
2024-08-14 16:07:22,SOLUSDT,bid,146,78232.0
2024-08-14 16:07:22,SOLUSDT,bid,146,78234.0
2024-08-14 16:07:23,SOLUSDT,bid,146,78256.0
2024-08-14 16:07:24,SOLUSDT,bid,146,78227.0
2024-08-14 16:07:25,SOLUSDT,bid,146,78227.0
2024-08-14 16:07:25,SOLUSDT,bid,146,78440.0
2024-08-14 16:07:25,SOLUSDT,bid,146,78227.0
2024-08-14 16:07:25,SOLUSDT,bid,146,78232.0
2024-08-14 16:07:25,SOLUSDT,bid,146,78227.0
2024-08-14 16:07:27,SOLUSDT,bid,146,78230.0
2024-08-14 16:07:27,SOLUSDT,bid,146,78230.0
2024-08-14 16:07:29,SOLUSDT,bid,146,78227.0
2024-08-14 16:07:30,SOLUSDT,bid,146,78232.0
2024-08-14 16:07:30,SOLUSDT,bid,146,78227.0
2024-08-14 16:07:36,SOLUSDT,bid,146,78249.0
2024-08-14 16:07:37,SOLUSDT,bid,146,78262.0
2024-08-14 16:07:37,SOLUSDT,bid,146,78249.0
2024-08-14 16:07:40,SOLUSDT,bid,146,78266.0
2024-08-14 16:07:45,SOLUSDT,bid,146,78244.0
2024-08-14 16:07:46,SOLUSDT,bid,146,78250.0
2024-08-14 16:07:47,SOLUSDT,bid,146,78244.0
2024-08-14 16:07:47,SOLUSDT,bid,146,78248.0
2024-08-14 16:07:47,SOLUSDT,bid,146,78240.0
2024-08-14 16:07:48,SOLUSDT,bid,146,78241.0
2024-08-14 16:07:48,SOLUSDT,bid,146,78237.0
2024-08-14 16:07:49,SOLUSDT,bid,146,78227.0
2024-08-14 16:07:49,SOLUSDT,bid,146,78228.0
2024-08-14 16:07:50,SOLUSDT,bid,146,78227.0
2024-08-14 16:07:50,SOLUSDT,bid,146,78240.0
2024-08-14 16:07:50,SOLUSDT,bid,146,78227.0
2024-08-14 16:07:52,SOLUSDT,bid,146,78364.0
2024-08-14 16:07:53,SOLUSDT,bid,146,78227.0
2024-08-14 16:07:53,SOLUSDT,bid,146,78227.0
2024-08-14 16:07:53,SOLUSDT,bid,146,78364.0
2024-08-14 16:07:53,SOLUSDT,bid,146,78227.0
2024-08-14 16:07:55,SOLUSDT,bid,146,78386.0
2024-08-14 16:07:57,SOLUSDT,bid,146,78365.0
2024-08-14 16:07:58,SOLUSDT,bid,146,78375.0
2024-08-14 16:07:59,SOLUSDT,bid,146,78365.0
2024-08-14 16:08:00,SOLUSDT,bid,146,78387.0
2024-08-14 16:08:01,SOLUSDT,bid,146,78369.0
2024-08-14 16:08:01,SOLUSDT,bid,146,78369.0
2024-08-14 16:08:02,SOLUSDT,bid,146,78342.0
2024-08-14 16:08:02,SOLUSDT,bid,146,78355.0
2024-08-14 16:08:02,SOLUSDT,bid,146,78342.0
2024-08-14 16:08:03,SOLUSDT,bid,146,78337.0
2024-08-14 16:08:04,SOLUSDT,bid,146,78315.0
2024-08-14 16:08:05,SOLUSDT,bid,146,78327.0
2024-08-14 16:08:05,SOLUSDT,bid,146,78315.0
2024-08-14 16:08:05,SOLUSDT,bid,146,78415.0
2024-08-14 16:08:06,SOLUSDT,bid,146,78465.0
2024-08-14 16:08:06,SOLUSDT,bid,146,78415.0
2024-08-14 16:08:07,SOLUSDT,bid,146,78315.0
2024-08-14 16:08:07,SOLUSDT,bid,146,78365.0
2024-08-14 16:08:07,SOLUSDT,bid,146,78315.0
2024-08-14 16:08:07,SOLUSDT,bid,146,78365.0
2024-08-14 16:08:07,SOLUSDT,bid,146,78315.0
2024-08-14 16:08:09,SOLUSDT,bid,146,78415.0
2024-08-14 16:08:10,SOLUSDT,bid,146,78315.0
2024-08-14 16:08:11,SOLUSDT,bid,146,78310.0
2024-08-14 16:08:15,SOLUSDT,bid,146,78323.0
2024-08-14 16:08:15,SOLUSDT,bid,146,78310.0
2024-08-14 16:08:15,SOLUSDT,bid,146,78380.0
2024-08-14 16:08:18,SOLUSDT,bid,146,78359.0
2024-08-14 16:08:19,SOLUSDT,bid,146,78541.0
2024-08-14 16:08:19,SOLUSDT,bid,146,78441.0
2024-08-14 16:08:19,SOLUSDT,bid,146,78391.0
2024-08-14 16:08:20,SOLUSDT,bid,146,78289.0
2024-08-14 16:08:21,SOLUSDT,bid,146,78393.0
2024-08-14 16:08:22,SOLUSDT,bid,146,78302.0
2024-08-14 16:08:22,SOLUSDT,bid,146,78329.0
2024-08-14 16:08:24,SOLUSDT,bid,146,78302.0
2024-08-14 16:08:24,SOLUSDT,bid,146,78493.0
2024-08-14 16:08:24,SOLUSDT,bid,146,78493.0
2024-08-14 16:08:26,SOLUSDT,bid,146,78496.0
2024-08-14 16:08:26,SOLUSDT,bid,146,78305.0
2024-08-14 16:08:27,SOLUSDT,bid,146,78310.0
2024-08-14 16:08:27,SOLUSDT,bid,146,78305.0
2024-08-14 16:08:27,SOLUSDT,bid,146,78305.0
2024-08-14 16:08:28,SOLUSDT,bid,146,78325.0
2024-08-14 16:08:28,SOLUSDT,bid,146,78335.0
2024-08-14 16:08:28,SOLUSDT,bid,146,78325.0
2024-08-14 16:08:29,SOLUSDT,bid,146,78335.0
2024-08-14 16:08:29,SOLUSDT,bid,146,78325.0
2024-08-14 16:08:30,SOLUSDT,bid,146,78325.0
2024-08-14 16:08:31,SOLUSDT,bid,146,78302.0
2024-08-14 16:08:31,SOLUSDT,bid,146,78439.0
2024-08-14 16:08:31,SOLUSDT,bid,146,78442.0
2024-08-14 16:08:31,SOLUSDT,bid,146,78305.0
2024-08-14 16:08:32,SOLUSDT,bid,146,78310.0
2024-08-14 16:08:32,SOLUSDT,bid,146,78305.0
2024-08-14 16:08:32,SOLUSDT,bid,146,78302.0
2024-08-14 16:08:33,SOLUSDT,bid,146,78315.0
2024-08-14 16:08:33,SOLUSDT,bid,146,78302.0
2024-08-14 16:08:33,SOLUSDT,bid,146,78415.0
2024-08-14 16:08:34,SOLUSDT,bid,146,78302.0
2024-08-14 16:08:39,SOLUSDT,bid,146,78315.0
2024-08-14 16:08:41,SOLUSDT,bid,146,78302.0
2024-08-14 16:08:50,SOLUSDT,bid,146,78302.0
2024-08-14 16:08:51,SOLUSDT,bid,146,78402.0
2024-08-14 16:08:51,SOLUSDT,bid,146,78302.0
2024-08-14 16:08:51,SOLUSDT,bid,146,78402.0
2024-08-14 16:08:51,SOLUSDT,bid,146,78302.0
2024-08-14 16:08:52,SOLUSDT,bid,146,78402.0
2024-08-14 16:08:52,SOLUSDT,bid,146,78302.0
2024-08-14 16:08:53,SOLUSDT,bid,146,78316.0
2024-08-14 16:08:54,SOLUSDT,bid,146,78201.0
2024-08-14 16:08:54,SOLUSDT,bid,146,78187.0
2024-08-14 16:09:00,SOLUSDT,bid,146,78201.0
2024-08-14 16:09:01,SOLUSDT,bid,146,78221.0
2024-08-14 16:09:03,SOLUSDT,bid,146,78226.0
2024-08-14 16:09:04,SOLUSDT,bid,146,78221.0
2024-08-14 16:09:04,SOLUSDT,bid,146,78221.0
2024-08-14 16:09:04,SOLUSDT,bid,146,78208.0
2024-08-14 16:09:04,SOLUSDT,bid,146,78221.0
2024-08-14 16:09:05,SOLUSDT,bid,146,77777.0
2024-08-14 16:09:05,SOLUSDT,bid,146,77774.0
2024-08-14 16:09:05,SOLUSDT,bid,146,77758.0
2024-08-14 16:09:06,SOLUSDT,bid,146,77761.0
2024-08-14 16:09:06,SOLUSDT,bid,146,77759.0
2024-08-14 16:09:06,SOLUSDT,bid,146,77765.0
2024-08-14 16:09:06,SOLUSDT,bid,146,77861.0
2024-08-14 16:09:06,SOLUSDT,bid,146,77765.0
2024-08-14 16:09:07,SOLUSDT,bid,146,77699.0
2024-08-14 16:09:07,SOLUSDT,bid,146,77666.0
2024-08-14 16:09:07,SOLUSDT,bid,146,77631.0
2024-08-14 16:09:07,SOLUSDT,bid,146,77618.0
2024-08-14 16:09:07,SOLUSDT,bid,146,77581.0
2024-08-14 16:09:07,SOLUSDT,bid,146,77577.0
2024-08-14 16:09:07,SOLUSDT,bid,146,77562.0
2024-08-14 16:09:07,SOLUSDT,bid,146,77565.0
2024-08-14 16:09:08,SOLUSDT,bid,146,77559.0
2024-08-14 16:09:08,SOLUSDT,bid,146,77493.0
2024-08-14 16:09:08,SOLUSDT,bid,146,77447.0
2024-08-14 16:09:08,SOLUSDT,bid,146,77506.0
2024-08-14 16:09:08,SOLUSDT,bid,146,77500.0
2024-08-14 16:09:08,SOLUSDT,bid,146,77494.0
2024-08-14 16:09:08,SOLUSDT,bid,146,77504.0
2024-08-14 16:09:09,SOLUSDT,bid,146,77501.0
2024-08-14 16:09:09,SOLUSDT,bid,146,77503.0
2024-08-14 16:09:09,SOLUSDT,bid,146,77609.0
2024-08-14 16:09:09,SOLUSDT,bid,146,77495.0
2024-08-14 16:09:09,SOLUSDT,bid,146,77461.0
2024-08-14 16:09:10,SOLUSDT,bid,146,77458.0
2024-08-14 16:09:10,SOLUSDT,bid,146,77457.0
2024-08-14 16:09:10,SOLUSDT,bid,146,77448.0
2024-08-14 16:09:10,SOLUSDT,bid,146,77449.0
2024-08-14 16:09:10,SOLUSDT,bid,146,77451.0
2024-08-14 16:09:11,SOLUSDT,bid,146,76911.0
2024-08-14 16:09:11,SOLUSDT,bid,146,76909.0
2024-08-14 16:09:11,SOLUSDT,bid,146,76892.0
2024-08-14 16:09:12,SOLUSDT,bid,146,76824.0
2024-08-14 16:09:12,SOLUSDT,bid,146,76821.0
2024-08-14 16:09:13,SOLUSDT,bid,146,76815.0
2024-08-14 16:09:13,SOLUSDT,bid,146,76810.0
2024-08-14 16:09:14,SOLUSDT,bid,146,76809.0
2024-08-14 16:09:16,SOLUSDT,bid,146,76814.0
2024-08-14 16:09:17,SOLUSDT,bid,146,76814.0
2024-08-14 16:09:17,SOLUSDT,bid,146,76814.0
2024-08-14 16:09:17,SOLUSDT,bid,146,76817.0
2024-08-14 16:09:17,SOLUSDT,bid,146,76814.0
2024-08-14 16:09:17,SOLUSDT,bid,146,76801.0
2024-08-14 16:09:18,SOLUSDT,bid,146,76801.0
2024-08-14 16:09:18,SOLUSDT,bid,146,76820.0
2024-08-14 16:09:18,SOLUSDT,bid,146,76823.0
2024-08-14 16:09:18,SOLUSDT,bid,146,76820.0
2024-08-14 16:09:19,SOLUSDT,bid,146,76823.0
2024-08-14 16:09:20,SOLUSDT,bid,146,76650.0
2024-08-14 16:09:20,SOLUSDT,bid,146,76646.0
2024-08-14 16:09:20,SOLUSDT,bid,146,76651.0
2024-08-14 16:09:20,SOLUSDT,bid,146,76654.0
2024-08-14 16:09:20,SOLUSDT,bid,146,76672.0
2024-08-14 16:09:20,SOLUSDT,bid,146,76671.0
2024-08-14 16:09:20,SOLUSDT,bid,146,76667.0
2024-08-14 16:09:20,SOLUSDT,bid,146,76428.0
2024-08-14 16:09:21,SOLUSDT,bid,146,76422.0
2024-08-14 16:09:21,SOLUSDT,bid,146,76425.0
2024-08-14 16:09:22,SOLUSDT,bid,146,76422.0
2024-08-14 16:09:22,SOLUSDT,bid,146,76422.0
2024-08-14 16:09:22,SOLUSDT,bid,146,76422.0
2024-08-14 16:09:22,SOLUSDT,bid,146,76424.0
2024-08-14 16:09:23,SOLUSDT,bid,146,76419.0
2024-08-14 16:09:23,SOLUSDT,bid,146,76416.0
2024-08-14 16:09:23,SOLUSDT,bid,146,76419.0
2024-08-14 16:09:23,SOLUSDT,bid,146,76420.0
2024-08-14 16:09:23,SOLUSDT,bid,146,76418.0
2024-08-14 16:09:23,SOLUSDT,bid,146,76417.0
2024-08-14 16:09:24,SOLUSDT,bid,146,76397.0
2024-08-14 16:09:26,SOLUSDT,bid,146,76400.0
2024-08-14 16:09:26,SOLUSDT,bid,146,76397.0
2024-08-14 16:09:26,SOLUSDT,bid,146,76400.0
2024-08-14 16:09:26,SOLUSDT,bid,146,76397.0
2024-08-14 16:09:27,SOLUSDT,bid,146,76394.0
2024-08-14 16:09:27,SOLUSDT,bid,146,76397.0
2024-08-14 16:09:27,SOLUSDT,bid,146,76419.0
2024-08-14 16:09:28,SOLUSDT,bid,146,76397.0
2024-08-14 16:09:28,SOLUSDT,bid,146,76400.0
2024-08-14 16:09:29,SOLUSDT,bid,146,76405.0
2024-08-14 16:09:30,SOLUSDT,bid,146,76405.0
2024-08-14 16:09:30,SOLUSDT,bid,146,76394.0
2024-08-14 16:09:30,SOLUSDT,bid,146,76394.0
2024-08-14 16:09:30,SOLUSDT,bid,146,76394.0
2024-08-14 16:09:30,SOLUSDT,bid,146,76397.0
2024-08-14 16:09:31,SOLUSDT,bid,146,76379.0
2024-08-14 16:09:31,SOLUSDT,bid,146,76335.0
2024-08-14 16:09:31,SOLUSDT,bid,146,76385.0
2024-08-14 16:09:31,SOLUSDT,bid,146,76373.0
2024-08-14 16:09:31,SOLUSDT,bid,146,76379.0
2024-08-14 16:09:32,SOLUSDT,bid,146,76376.0
2024-08-14 16:09:32,SOLUSDT,bid,146,76382.0
2024-08-14 16:09:32,SOLUSDT,bid,146,76296.0
2024-08-14 16:09:32,SOLUSDT,bid,146,76296.0
2024-08-14 16:09:32,SOLUSDT,bid,146,76299.0
2024-08-14 16:09:32,SOLUSDT,bid,146,76297.0
2024-08-14 16:09:32,SOLUSDT,bid,146,76296.0
2024-08-14 16:09:32,SOLUSDT,bid,146,76313.0
2024-08-14 16:09:32,SOLUSDT,bid,146,76308.0
2024-08-14 16:09:32,SOLUSDT,bid,146,76302.0
2024-08-14 16:09:32,SOLUSDT,bid,146,76300.0
2024-08-14 16:09:32,SOLUSDT,bid,146,76283.0
2024-08-14 16:09:33,SOLUSDT,bid,146,76275.0
2024-08-14 16:09:33,SOLUSDT,bid,146,76283.0
2024-08-14 16:09:34,SOLUSDT,bid,146,76281.0
2024-08-14 16:09:34,SOLUSDT,bid,146,76273.0
2024-08-14 16:09:35,SOLUSDT,bid,146,76273.0
2024-08-14 16:09:35,SOLUSDT,bid,146,76278.0
2024-08-14 16:09:35,SOLUSDT,bid,146,76273.0
2024-08-14 16:09:36,SOLUSDT,bid,146,76283.0
2024-08-14 16:09:36,SOLUSDT,bid,146,76273.0
2024-08-14 16:09:36,SOLUSDT,bid,146,76270.0
2024-08-14 16:09:37,SOLUSDT,bid,146,76275.0
2024-08-14 16:09:37,SOLUSDT,bid,146,76236.0
2024-08-14 16:09:38,SOLUSDT,bid,146,76231.0
2024-08-14 16:09:38,SOLUSDT,bid,146,76231.0
2024-08-14 16:09:38,SOLUSDT,bid,146,76236.0
2024-08-14 16:09:38,SOLUSDT,bid,146,76239.0
2024-08-14 16:09:39,SOLUSDT,bid,146,76236.0
2024-08-14 16:09:39,SOLUSDT,bid,146,76238.0
2024-08-14 16:09:40,SOLUSDT,bid,146,76235.0
2024-08-14 16:09:41,SOLUSDT,bid,146,76233.0
2024-08-14 16:09:42,SOLUSDT,bid,146,76087.0
2024-08-14 16:09:43,SOLUSDT,bid,146,76087.0
2024-08-14 16:09:43,SOLUSDT,bid,146,76084.0
2024-08-14 16:09:43,SOLUSDT,bid,146,76084.0
2024-08-14 16:09:43,SOLUSDT,bid,146,76085.0
2024-08-14 16:09:44,SOLUSDT,bid,146,76073.0
2024-08-14 16:09:44,SOLUSDT,bid,146,76073.0
2024-08-14 16:09:44,SOLUSDT,bid,146,76071.0
2024-08-14 16:09:45,SOLUSDT,bid,146,76042.0
2024-08-14 16:09:45,SOLUSDT,bid,146,76037.0
2024-08-14 16:09:45,SOLUSDT,bid,146,74632.0
2024-08-14 16:09:45,SOLUSDT,bid,146,74632.0
2024-08-14 16:09:45,SOLUSDT,bid,146,74636.0
2024-08-14 16:09:46,SOLUSDT,bid,146,74592.0
2024-08-14 16:09:46,SOLUSDT,bid,146,74589.0
2024-08-14 16:09:46,SOLUSDT,bid,146,74630.0
2024-08-14 16:09:46,SOLUSDT,bid,146,74628.0
2024-08-14 16:09:46,SOLUSDT,bid,146,74628.0
2024-08-14 16:09:47,SOLUSDT,bid,146,74628.0
2024-08-14 16:09:47,SOLUSDT,bid,146,74630.0
2024-08-14 16:09:48,SOLUSDT,bid,146,74629.0
2024-08-14 16:09:48,SOLUSDT,bid,146,74629.0
2024-08-14 16:09:48,SOLUSDT,bid,146,74629.0
2024-08-14 16:09:48,SOLUSDT,bid,146,74580.0
2024-08-14 16:09:48,SOLUSDT,bid,146,74580.0
2024-08-14 16:09:48,SOLUSDT,bid,146,74577.0
2024-08-14 16:09:49,SOLUSDT,bid,146,74575.0
2024-08-14 16:09:49,SOLUSDT,bid,146,74578.0
2024-08-14 16:09:49,SOLUSDT,bid,146,74577.0
2024-08-14 16:09:49,SOLUSDT,bid,146,74583.0
2024-08-14 16:09:49,SOLUSDT,bid,146,74580.0
2024-08-14 16:09:49,SOLUSDT,bid,146,74582.0
2024-08-14 16:09:50,SOLUSDT,bid,146,74562.0
2024-08-14 16:09:50,SOLUSDT,bid,146,74556.0
2024-08-14 16:09:50,SOLUSDT,bid,146,74557.0
2024-08-14 16:09:50,SOLUSDT,bid,146,74554.0
2024-08-14 16:09:50,SOLUSDT,bid,146,74554.0
2024-08-14 16:09:51,SOLUSDT,bid,146,74558.0
2024-08-14 16:09:51,SOLUSDT,bid,146,74555.0
2024-08-14 16:09:51,SOLUSDT,bid,146,74551.0
2024-08-14 16:09:51,SOLUSDT,bid,146,74552.0
2024-08-14 16:09:52,SOLUSDT,bid,146,74549.0
2024-08-14 16:09:52,SOLUSDT,bid,146,74515.0
2024-08-14 16:09:52,SOLUSDT,bid,146,74515.0
2024-08-14 16:09:52,SOLUSDT,bid,146,74511.0
2024-08-14 16:09:52,SOLUSDT,bid,146,74510.0
2024-08-14 16:09:52,SOLUSDT,bid,146,74508.0
2024-08-14 16:09:53,SOLUSDT,bid,146,74507.0
2024-08-14 16:09:53,SOLUSDT,bid,146,73812.0
2024-08-14 16:09:53,SOLUSDT,bid,146,73824.0
2024-08-14 16:09:53,SOLUSDT,bid,146,73815.0
2024-08-14 16:09:53,SOLUSDT,bid,146,73814.0
2024-08-14 16:09:53,SOLUSDT,bid,146,73816.0
2024-08-14 16:09:53,SOLUSDT,bid,146,73819.0
2024-08-14 16:09:53,SOLUSDT,bid,146,73815.0
2024-08-14 16:09:53,SOLUSDT,bid,146,73822.0
2024-08-14 16:09:53,SOLUSDT,bid,146,73822.0
2024-08-14 16:09:54,SOLUSDT,bid,146,72763.0
2024-08-14 16:09:54,SOLUSDT,bid,146,72765.0
2024-08-14 16:09:54,SOLUSDT,bid,146,72770.0
2024-08-14 16:09:55,SOLUSDT,bid,146,72757.0
2024-08-14 16:09:55,SOLUSDT,bid,146,72744.0
2024-08-14 16:09:55,SOLUSDT,bid,146,72710.0
2024-08-14 16:09:55,SOLUSDT,bid,146,72678.0
2024-08-14 16:09:56,SOLUSDT,bid,146,72675.0
2024-08-14 16:09:56,SOLUSDT,bid,146,72675.0
2024-08-14 16:09:57,SOLUSDT,bid,146,72676.0
2024-08-14 16:09:57,SOLUSDT,bid,146,72663.0
2024-08-14 16:09:57,SOLUSDT,bid,146,72660.0
2024-08-14 16:09:57,SOLUSDT,bid,146,72646.0
2024-08-14 16:09:57,SOLUSDT,bid,146,72645.0
2024-08-14 16:09:57,SOLUSDT,bid,146,72645.0
2024-08-14 16:09:57,SOLUSDT,bid,146,72598.0
2024-08-14 16:09:58,SOLUSDT,bid,146,72514.0
2024-08-14 16:09:58,SOLUSDT,bid,146,72485.0
2024-08-14 16:09:58,SOLUSDT,bid,146,72486.0
2024-08-14 16:09:58,SOLUSDT,bid,146,72471.0
2024-08-14 16:09:59,SOLUSDT,bid,146,72468.0
2024-08-14 16:09:59,SOLUSDT,bid,146,72469.0
2024-08-14 16:09:59,SOLUSDT,bid,146,72468.0
2024-08-14 16:09:59,SOLUSDT,bid,146,72467.0
2024-08-14 16:09:59,SOLUSDT,bid,146,72464.0
2024-08-14 16:10:00,SOLUSDT,bid,146,72391.0
2024-08-14 16:10:00,SOLUSDT,bid,146,72279.0
2024-08-14 16:10:00,SOLUSDT,bid,146,72287.0
2024-08-14 16:10:01,SOLUSDT,bid,146,72287.0
2024-08-14 16:10:01,SOLUSDT,bid,146,71764.0
2024-08-14 16:10:01,SOLUSDT,bid,146,71768.0
2024-08-14 16:10:02,SOLUSDT,bid,146,71124.0
2024-08-14 16:10:02,SOLUSDT,bid,146,71136.0
2024-08-14 16:10:02,SOLUSDT,bid,146,71272.0
2024-08-14 16:10:02,SOLUSDT,bid,146,71271.0
2024-08-14 16:10:03,SOLUSDT,bid,146,71260.0
2024-08-14 16:10:03,SOLUSDT,bid,146,71259.0
2024-08-14 16:10:03,SOLUSDT,bid,146,71260.0
2024-08-14 16:10:03,SOLUSDT,bid,146,71235.0
2024-08-14 16:10:03,SOLUSDT,bid,146,71238.0
2024-08-14 16:10:03,SOLUSDT,bid,146,71235.0
2024-08-14 16:10:03,SOLUSDT,bid,146,71234.0
2024-08-14 16:10:04,SOLUSDT,bid,146,71222.0
2024-08-14 16:10:04,SOLUSDT,bid,146,71086.0
2024-08-14 16:10:04,SOLUSDT,bid,146,71088.0
2024-08-14 16:10:04,SOLUSDT,bid,146,71087.0
2024-08-14 16:10:05,SOLUSDT,bid,146,71110.0
2024-08-14 16:10:05,SOLUSDT,bid,146,71109.0
2024-08-14 16:10:05,SOLUSDT,bid,146,71108.0
2024-08-14 16:10:05,SOLUSDT,bid,146,71101.0
2024-08-14 16:10:05,SOLUSDT,bid,146,70995.0
2024-08-14 16:10:05,SOLUSDT,bid,146,70996.0
2024-08-14 16:10:06,SOLUSDT,bid,146,70995.0
2024-08-14 16:10:06,SOLUSDT,bid,146,70996.0
2024-08-14 16:10:06,SOLUSDT,bid,146,71005.0
2024-08-14 16:10:07,SOLUSDT,bid,146,71005.0
2024-08-14 16:10:07,SOLUSDT,bid,146,71031.0
2024-08-14 16:10:08,SOLUSDT,bid,146,71031.0
2024-08-14 16:10:08,SOLUSDT,bid,146,71027.0
2024-08-14 16:10:08,SOLUSDT,bid,146,71025.0
2024-08-14 16:10:08,SOLUSDT,bid,146,71029.0
2024-08-14 16:10:08,SOLUSDT,bid,146,71054.0
2024-08-14 16:10:08,SOLUSDT,bid,146,71039.0
2024-08-14 16:10:09,SOLUSDT,bid,146,71033.0
2024-08-14 16:10:09,SOLUSDT,bid,146,71058.0
2024-08-14 16:10:09,SOLUSDT,bid,146,71053.0
2024-08-14 16:10:10,SOLUSDT,bid,146,71043.0
2024-08-14 16:10:10,SOLUSDT,bid,146,71068.0
2024-08-14 16:10:11,SOLUSDT,bid,146,71068.0
2024-08-14 16:10:11,SOLUSDT,bid,146,71008.0
2024-08-14 16:10:11,SOLUSDT,bid,146,70980.0
2024-08-14 16:10:11,SOLUSDT,bid,146,70980.0
2024-08-14 16:10:11,SOLUSDT,bid,146,71005.0
2024-08-14 16:10:12,SOLUSDT,bid,146,70958.0
2024-08-14 16:10:12,SOLUSDT,bid,146,70957.0
2024-08-14 16:10:12,SOLUSDT,bid,146,70927.0
2024-08-14 16:10:12,SOLUSDT,bid,146,70944.0
2024-08-14 16:10:12,SOLUSDT,bid,146,70911.0
2024-08-14 16:10:13,SOLUSDT,bid,146,70936.0
2024-08-14 16:10:13,SOLUSDT,bid,146,70931.0
2024-08-14 16:10:13,SOLUSDT,bid,146,70191.0
2024-08-14 16:10:13,SOLUSDT,bid,146,70169.0
2024-08-14 16:10:13,SOLUSDT,bid,146,70169.0
2024-08-14 16:10:14,SOLUSDT,bid,146,70163.0
2024-08-14 16:10:14,SOLUSDT,bid,146,70132.0
2024-08-14 16:10:14,SOLUSDT,bid,146,70153.0
2024-08-14 16:10:14,SOLUSDT,bid,146,70137.0
2024-08-14 16:10:14,SOLUSDT,bid,146,70141.0
2024-08-14 16:10:14,SOLUSDT,bid,146,70090.0
2024-08-14 16:10:15,SOLUSDT,bid,146,70052.0
2024-08-14 16:10:15,SOLUSDT,bid,146,70050.0
2024-08-14 16:10:15,SOLUSDT,bid,146,70077.0
2024-08-14 16:10:15,SOLUSDT,bid,146,70076.0
2024-08-14 16:10:16,SOLUSDT,bid,146,70075.0
2024-08-14 16:10:16,SOLUSDT,bid,146,70076.0
2024-08-14 16:10:16,SOLUSDT,bid,146,70080.0
2024-08-14 16:10:16,SOLUSDT,bid,146,70105.0
2024-08-14 16:10:16,SOLUSDT,bid,146,70066.0
2024-08-14 16:10:16,SOLUSDT,bid,146,70060.0
2024-08-14 16:10:17,SOLUSDT,bid,146,70049.0
2024-08-14 16:10:17,SOLUSDT,bid,146,70038.0
2024-08-14 16:10:17,SOLUSDT,bid,146,70035.0
2024-08-14 16:10:17,SOLUSDT,bid,146,69861.0
2024-08-14 16:10:17,SOLUSDT,bid,146,69824.0
2024-08-14 16:10:17,SOLUSDT,bid,146,69774.0
2024-08-14 16:10:17,SOLUSDT,bid,146,69738.0
2024-08-14 16:10:18,SOLUSDT,bid,146,69727.0
2024-08-14 16:10:18,SOLUSDT,bid,146,69726.0
2024-08-14 16:10:18,SOLUSDT,bid,146,69720.0
2024-08-14 16:10:18,SOLUSDT,bid,146,69720.0
2024-08-14 16:10:18,SOLUSDT,bid,146,69714.0
2024-08-14 16:10:18,SOLUSDT,bid,146,69583.0
2024-08-14 16:10:18,SOLUSDT,bid,146,69575.0
2024-08-14 16:10:18,SOLUSDT,bid,146,69572.0
2024-08-14 16:10:19,SOLUSDT,bid,146,69561.0
2024-08-14 16:10:19,SOLUSDT,bid,146,69583.0
2024-08-14 16:10:19,SOLUSDT,bid,146,69553.0
2024-08-14 16:10:19,SOLUSDT,bid,146,69542.0
2024-08-14 16:10:19,SOLUSDT,bid,146,69546.0
2024-08-14 16:10:20,SOLUSDT,bid,146,69489.0
2024-08-14 16:10:20,SOLUSDT,bid,146,69465.0
2024-08-14 16:10:21,SOLUSDT,bid,146,69463.0
2024-08-14 16:10:21,SOLUSDT,bid,146,69349.0
2024-08-14 16:10:21,SOLUSDT,bid,146,68973.0
2024-08-14 16:10:21,SOLUSDT,bid,146,68962.0
2024-08-14 16:10:21,SOLUSDT,bid,146,68987.0
2024-08-14 16:10:21,SOLUSDT,bid,146,68961.0
2024-08-14 16:10:22,SOLUSDT,bid,146,68960.0
2024-08-14 16:10:22,SOLUSDT,bid,146,68908.0
2024-08-14 16:10:22,SOLUSDT,bid,146,68961.0
2024-08-14 16:10:22,SOLUSDT,bid,146,68940.0
2024-08-14 16:10:22,SOLUSDT,bid,146,68890.0
2024-08-14 16:10:23,SOLUSDT,bid,146,68891.0
2024-08-14 16:10:23,SOLUSDT,bid,146,68890.0
2024-08-14 16:10:24,SOLUSDT,bid,146,68890.0
2024-08-14 16:10:24,SOLUSDT,bid,146,68888.0
2024-08-14 16:10:24,SOLUSDT,bid,146,68911.0
2024-08-14 16:10:24,SOLUSDT,bid,146,68887.0
2024-08-14 16:10:24,SOLUSDT,bid,146,68886.0
2024-08-14 16:10:25,SOLUSDT,bid,146,68883.0
2024-08-14 16:10:25,SOLUSDT,bid,146,68877.0
2024-08-14 16:10:25,SOLUSDT,bid,146,68864.0
2024-08-14 16:10:25,SOLUSDT,bid,146,68864.0
2024-08-14 16:10:25,SOLUSDT,bid,146,68863.0
2024-08-14 16:10:25,SOLUSDT,bid,146,68864.0
2024-08-14 16:10:25,SOLUSDT,bid,146,68863.0
2024-08-14 16:10:25,SOLUSDT,bid,146,68834.0
2024-08-14 16:10:25,SOLUSDT,bid,146,68833.0
2024-08-14 16:10:26,SOLUSDT,bid,146,68834.0
2024-08-14 16:10:27,SOLUSDT,bid,146,68837.0
2024-08-14 16:10:27,SOLUSDT,bid,146,68820.0
2024-08-14 16:10:28,SOLUSDT,bid,146,68751.0
2024-08-14 16:10:28,SOLUSDT,bid,146,68742.0
2024-08-14 16:10:28,SOLUSDT,bid,146,68766.0
2024-08-14 16:10:28,SOLUSDT,bid,146,68741.0
2024-08-14 16:10:28,SOLUSDT,bid,146,68768.0
2024-08-14 16:10:30,SOLUSDT,bid,146,68763.0
2024-08-14 16:10:30,SOLUSDT,bid,146,68769.0
2024-08-14 16:10:30,SOLUSDT,bid,146,68779.0
2024-08-14 16:10:30,SOLUSDT,bid,146,68777.0
2024-08-14 16:10:30,SOLUSDT,bid,146,68773.0
2024-08-14 16:10:31,SOLUSDT,bid,146,68780.0
2024-08-14 16:10:31,SOLUSDT,bid,146,68806.0
2024-08-14 16:10:31,SOLUSDT,bid,146,68781.0
2024-08-14 16:10:31,SOLUSDT,bid,146,68815.0
2024-08-14 16:10:31,SOLUSDT,bid,146,68781.0
2024-08-14 16:10:32,SOLUSDT,bid,146,68790.0
2024-08-14 16:10:33,SOLUSDT,bid,146,68785.0
2024-08-14 16:10:33,SOLUSDT,bid,146,68797.0
2024-08-14 16:10:33,SOLUSDT,bid,146,68804.0
2024-08-14 16:10:33,SOLUSDT,bid,146,68802.0
2024-08-14 16:10:34,SOLUSDT,bid,146,68791.0
2024-08-14 16:10:34,SOLUSDT,bid,146,68793.0
2024-08-14 16:10:34,SOLUSDT,bid,146,68791.0
2024-08-14 16:10:34,SOLUSDT,bid,146,68787.0
2024-08-14 16:10:34,SOLUSDT,bid,146,68789.0
2024-08-14 16:10:35,SOLUSDT,bid,146,68790.0
2024-08-14 16:10:36,SOLUSDT,bid,146,68787.0
2024-08-14 16:10:36,SOLUSDT,bid,146,68788.0
2024-08-14 16:10:36,SOLUSDT,bid,146,68790.0
2024-08-14 16:10:36,SOLUSDT,bid,146,68783.0
2024-08-14 16:10:36,SOLUSDT,bid,146,68785.0
2024-08-14 16:10:37,SOLUSDT,bid,146,68809.0
2024-08-14 16:10:37,SOLUSDT,bid,146,68786.0
2024-08-14 16:10:38,SOLUSDT,bid,146,68716.0
2024-08-14 16:10:38,SOLUSDT,bid,146,68717.0
2024-08-14 16:10:38,SOLUSDT,bid,146,68620.0
2024-08-14 16:10:39,SOLUSDT,bid,146,68619.0
2024-08-14 16:10:39,SOLUSDT,bid,146,68628.0
2024-08-14 16:10:40,SOLUSDT,bid,146,68611.0
2024-08-14 16:10:40,SOLUSDT,bid,146,68611.0
2024-08-14 16:10:40,SOLUSDT,bid,146,68597.0
2024-08-14 16:10:40,SOLUSDT,bid,146,68648.0
2024-08-14 16:10:40,SOLUSDT,bid,146,68645.0
2024-08-14 16:10:40,SOLUSDT,bid,146,68646.0
2024-08-14 16:10:41,SOLUSDT,bid,146,68643.0
2024-08-14 16:10:41,SOLUSDT,bid,146,68619.0
2024-08-14 16:10:41,SOLUSDT,bid,146,68621.0
2024-08-14 16:10:41,SOLUSDT,bid,146,68617.0
2024-08-14 16:10:41,SOLUSDT,bid,146,68614.0
2024-08-14 16:10:42,SOLUSDT,bid,146,68618.0
2024-08-14 16:10:42,SOLUSDT,bid,146,68633.0
2024-08-14 16:10:42,SOLUSDT,bid,146,68603.0
2024-08-14 16:10:42,SOLUSDT,bid,146,68614.0
2024-08-14 16:10:42,SOLUSDT,bid,146,68612.0
2024-08-14 16:10:42,SOLUSDT,bid,146,68410.0
2024-08-14 16:10:43,SOLUSDT,bid,146,68409.0
2024-08-14 16:10:43,SOLUSDT,bid,146,68410.0
2024-08-14 16:10:43,SOLUSDT,bid,146,68408.0
2024-08-14 16:10:43,SOLUSDT,bid,146,68399.0
2024-08-14 16:10:43,SOLUSDT,bid,146,68401.0
2024-08-14 16:10:43,SOLUSDT,bid,146,68401.0
2024-08-14 16:10:44,SOLUSDT,bid,146,68399.0
2024-08-14 16:10:44,SOLUSDT,bid,146,68392.0
2024-08-14 16:10:45,SOLUSDT,bid,146,68391.0
2024-08-14 16:10:45,SOLUSDT,bid,146,68385.0
2024-08-14 16:10:45,SOLUSDT,bid,146,68375.0
2024-08-14 16:10:45,SOLUSDT,bid,146,68361.0
2024-08-14 16:10:45,SOLUSDT,bid,146,68361.0
2024-08-14 16:10:45,SOLUSDT,bid,146,68364.0
2024-08-14 16:10:45,SOLUSDT,bid,146,68364.0
2024-08-14 16:10:46,SOLUSDT,bid,146,68351.0
2024-08-14 16:10:46,SOLUSDT,bid,146,68352.0
2024-08-14 16:10:46,SOLUSDT,bid,146,68346.0
2024-08-14 16:10:46,SOLUSDT,bid,146,68337.0
2024-08-14 16:10:46,SOLUSDT,bid,146,68364.0
2024-08-14 16:10:46,SOLUSDT,bid,146,68181.0
2024-08-14 16:10:46,SOLUSDT,bid,146,68033.0
2024-08-14 16:10:46,SOLUSDT,bid,146,68028.0
2024-08-14 16:10:46,SOLUSDT,bid,146,67808.0
2024-08-14 16:10:47,SOLUSDT,bid,146,67793.0
2024-08-14 16:10:47,SOLUSDT,bid,146,67775.0
2024-08-14 16:10:47,SOLUSDT,bid,146,67775.0
2024-08-14 16:10:47,SOLUSDT,bid,146,67674.0
2024-08-14 16:10:47,SOLUSDT,bid,146,67676.0
2024-08-14 16:10:48,SOLUSDT,bid,146,67663.0
2024-08-14 16:10:48,SOLUSDT,bid,146,67632.0
2024-08-14 16:10:48,SOLUSDT,bid,146,67607.0
2024-08-14 16:10:49,SOLUSDT,bid,146,67607.0
2024-08-14 16:10:49,SOLUSDT,bid,146,67605.0
2024-08-14 16:10:49,SOLUSDT,bid,146,67619.0
2024-08-14 16:10:50,SOLUSDT,bid,146,67596.0
2024-08-14 16:10:50,SOLUSDT,bid,146,67597.0
2024-08-14 16:10:50,SOLUSDT,bid,146,67595.0
2024-08-14 16:10:50,SOLUSDT,bid,146,67600.0
2024-08-14 16:10:50,SOLUSDT,bid,146,67574.0
2024-08-14 16:10:50,SOLUSDT,bid,146,67566.0
2024-08-14 16:10:50,SOLUSDT,bid,146,67592.0
2024-08-14 16:10:50,SOLUSDT,bid,146,67574.0
2024-08-14 16:10:51,SOLUSDT,bid,146,67570.0
2024-08-14 16:10:51,SOLUSDT,bid,146,67569.0
2024-08-14 16:10:51,SOLUSDT,bid,146,67571.0
2024-08-14 16:10:51,SOLUSDT,bid,146,67572.0
2024-08-14 16:10:52,SOLUSDT,bid,146,67569.0
2024-08-14 16:10:53,SOLUSDT,bid,146,67632.0
2024-08-14 16:10:53,SOLUSDT,bid,146,67506.0
2024-08-14 16:10:53,SOLUSDT,bid,146,67481.0
2024-08-14 16:10:54,SOLUSDT,bid,146,67475.0
2024-08-14 16:10:54,SOLUSDT,bid,146,67419.0
2024-08-14 16:10:54,SOLUSDT,bid,146,67365.0
2024-08-14 16:10:54,SOLUSDT,bid,146,67352.0
2024-08-14 16:10:55,SOLUSDT,bid,146,67335.0
2024-08-14 16:10:55,SOLUSDT,bid,146,67310.0
2024-08-14 16:10:55,SOLUSDT,bid,146,67446.0
2024-08-14 16:10:56,SOLUSDT,bid,146,67283.0
2024-08-14 16:10:56,SOLUSDT,bid,146,67286.0
2024-08-14 16:10:57,SOLUSDT,bid,146,67242.0
2024-08-14 16:10:57,SOLUSDT,bid,146,67215.0
2024-08-14 16:10:57,SOLUSDT,bid,146,67204.0
2024-08-14 16:10:58,SOLUSDT,bid,146,67178.0
2024-08-14 16:10:59,SOLUSDT,bid,146,67147.0
2024-08-14 16:10:59,SOLUSDT,bid,146,67149.0
2024-08-14 16:11:00,SOLUSDT,bid,146,67152.0
2024-08-14 16:11:00,SOLUSDT,bid,146,67144.0
2024-08-14 16:11:00,SOLUSDT,bid,146,67144.0
2024-08-14 16:11:00,SOLUSDT,bid,146,67118.0
2024-08-14 16:11:01,SOLUSDT,bid,146,67110.0
2024-08-14 16:11:01,SOLUSDT,bid,146,67246.0
2024-08-14 16:11:01,SOLUSDT,bid,146,67110.0
2024-08-14 16:11:01,SOLUSDT,bid,146,67026.0
2024-08-14 16:11:01,SOLUSDT,bid,146,67027.0
2024-08-14 16:11:02,SOLUSDT,bid,146,67027.0
2024-08-14 16:11:02,SOLUSDT,bid,146,67033.0
2024-08-14 16:11:02,SOLUSDT,bid,146,67069.0
2024-08-14 16:11:02,SOLUSDT,bid,146,67044.0
2024-08-14 16:11:03,SOLUSDT,bid,146,67036.0
2024-08-14 16:11:03,SOLUSDT,bid,146,67030.0
2024-08-14 16:11:03,SOLUSDT,bid,146,67055.0
2024-08-14 16:11:03,SOLUSDT,bid,146,67071.0
2024-08-14 16:11:04,SOLUSDT,bid,146,67071.0
2024-08-14 16:11:04,SOLUSDT,bid,146,67069.0
2024-08-14 16:11:04,SOLUSDT,bid,146,67069.0
2024-08-14 16:11:04,SOLUSDT,bid,146,67069.0
2024-08-14 16:11:04,SOLUSDT,bid,146,67072.0
2024-08-14 16:11:04,SOLUSDT,bid,146,67073.0
2024-08-14 16:11:04,SOLUSDT,bid,146,67073.0
2024-08-14 16:11:04,SOLUSDT,bid,146,67070.0
2024-08-14 16:11:05,SOLUSDT,bid,146,67076.0
2024-08-14 16:11:05,SOLUSDT,bid,146,67080.0
2024-08-14 16:11:05,SOLUSDT,bid,146,67106.0
2024-08-14 16:11:05,SOLUSDT,bid,146,67101.0
2024-08-14 16:11:05,SOLUSDT,bid,146,67102.0
2024-08-14 16:11:05,SOLUSDT,bid,146,67068.0
2024-08-14 16:11:06,SOLUSDT,bid,146,67069.0
2024-08-14 16:11:06,SOLUSDT,bid,146,67098.0
2024-08-14 16:11:06,SOLUSDT,bid,146,67106.0
2024-08-14 16:11:06,SOLUSDT,bid,146,66965.0
2024-08-14 16:11:06,SOLUSDT,bid,146,66953.0
2024-08-14 16:11:06,SOLUSDT,bid,146,66934.0
2024-08-14 16:11:07,SOLUSDT,bid,146,66951.0
