2024-09-04 07:02:34,ETHUSDT,bid,2200,4544.726
2024-09-04 07:02:54,ETHUSDT,bid,1700,6032.798
2024-09-04 07:05:40,ETHUSDT,ask,2670,3733.449
2024-09-04 07:05:42,ETHUSDT,ask,2670,3733.459
2024-09-04 07:05:43,ETHUSDT,bid,2210,4525.579
2024-09-04 07:06:09,ETHUSDT,ask,2670,3733.439
2024-09-04 07:18:00,ETHUSDT,bid,2070,9669.634
2024-09-04 07:19:09,ETHUSDT,bid,2230,4488.291
2024-09-04 07:20:56,ETHUSDT,ask,2570,3894.694
2024-09-04 07:20:56,ETHUSDT,ask,2590,5833.37
2024-09-04 07:20:56,ETHUSDT,ask,2670,3733.532
2024-09-04 07:20:56,ETHUSDT,ask,2990,3361.944
2024-09-04 07:22:53,ETHUSDT,bid,2200,5076.377
2024-09-04 07:24:03,ETHUSDT,bid,2200,4544.746
2024-09-04 07:24:03,ETHUSDT,bid,2200,4544.756
2024-09-04 07:24:21,ETHUSDT,ask,2990,3361.905
2024-09-04 07:24:42,ETHUSDT,bid,2200,4544.746
2024-09-04 07:24:43,ETHUSDT,bid,2200,4544.736
2024-09-04 07:24:45,ETHUSDT,bid,2200,4544.726
2024-09-04 07:25:12,ETHUSDT,bid,2200,4544.736
2024-09-04 07:25:53,ETHUSDT,bid,2200,4544.726
2024-09-04 07:26:03,ETHUSDT,bid,2200,5076.387
2024-09-04 07:26:04,ETHUSDT,bid,2200,5076.387
2024-09-04 07:26:34,ETHUSDT,bid,2200,5076.397
2024-09-04 07:26:35,ETHUSDT,bid,2200,5076.417
2024-09-04 07:26:35,ETHUSDT,bid,2200,5076.427
2024-09-04 07:26:39,ETHUSDT,bid,2200,5076.417
2024-09-04 07:26:43,ETHUSDT,bid,2200,5076.427
2024-09-04 07:27:09,ETHUSDT,bid,2200,5076.417
2024-09-04 07:27:10,ETHUSDT,bid,2200,5076.387
2024-09-04 07:27:22,ETHUSDT,bid,2200,5076.377
2024-09-04 07:31:50,ETHUSDT,bid,2140,4988.922
2024-09-04 07:33:02,ETHUSDT,bid,2200,4544.736
2024-09-04 07:33:39,ETHUSDT,bid,2200,4544.746
2024-09-04 07:33:39,ETHUSDT,bid,2200,4544.766
2024-09-04 07:33:41,ETHUSDT,bid,2200,4544.756
2024-09-04 07:33:51,ETHUSDT,bid,2200,5076.377
2024-09-04 07:33:52,ETHUSDT,bid,2200,5076.377
2024-09-04 07:33:53,ETHUSDT,bid,2200,5076.377
2024-09-04 07:33:54,ETHUSDT,bid,2200,5076.377
2024-09-04 07:33:55,ETHUSDT,bid,2200,5076.387
2024-09-04 07:33:55,ETHUSDT,bid,2200,5076.387
2024-09-04 07:33:55,ETHUSDT,bid,2200,5076.397
2024-09-04 07:33:56,ETHUSDT,bid,2200,5076.397
2024-09-04 07:33:59,ETHUSDT,bid,2200,5076.407
2024-09-04 07:34:00,ETHUSDT,bid,2140,4988.91
2024-09-04 07:34:23,ETHUSDT,bid,2200,4544.746
2024-09-04 07:34:24,ETHUSDT,bid,2200,4544.736
2024-09-04 07:34:24,ETHUSDT,bid,2200,4544.726
2024-09-04 07:34:37,ETHUSDT,bid,2200,5076.397
2024-09-04 07:34:38,ETHUSDT,bid,2200,5076.387
2024-09-04 07:34:50,ETHUSDT,bid,2200,5076.377
2024-09-04 07:38:31,ETHUSDT,ask,2670,3733.532
2024-09-04 07:42:08,ETHUSDT,bid,2250,4495.391
2024-09-04 07:45:53,ETHUSDT,bid,2200,4538.153
2024-09-04 07:47:49,ETHUSDT,bid,2140,4990.919
2024-09-04 07:48:26,ETHUSDT,bid,2070,9669.644
2024-09-04 07:48:32,ETHUSDT,ask,2670,3733.449
2024-09-04 07:49:14,ETHUSDT,ask,2670,3733.439
2024-09-04 07:49:29,ETHUSDT,bid,2140,9340.84
2024-09-04 07:50:02,ETHUSDT,ask,2670,3733.459
2024-09-04 07:50:52,ETHUSDT,ask,2670,3733.449
2024-09-04 07:50:52,ETHUSDT,ask,2670,3733.439
2024-09-04 07:51:05,ETHUSDT,ask,2670,3812.23
2024-09-04 07:52:24,ETHUSDT,bid,1940,5162.705
2024-09-04 07:55:03,ETHUSDT,bid,2030,4939.302
2024-09-04 07:55:28,ETHUSDT,ask,2650,3804.167
2024-09-04 07:55:28,ETHUSDT,ask,2650,3804.187
2024-09-04 07:55:28,ETHUSDT,ask,2650,3804.215
2024-09-04 07:55:28,ETHUSDT,ask,2650,3804.225
2024-09-04 07:55:28,ETHUSDT,ask,2650,3804.235
2024-09-04 07:58:53,ETHUSDT,bid,2250,4501.574
2024-09-04 07:59:39,ETHUSDT,ask,2670,3812.24
2024-09-04 07:59:48,ETHUSDT,bid,1700,6032.765
2024-09-04 08:00:37,ETHUSDT,bid,2140,9340.85
2024-09-04 08:00:44,ETHUSDT,bid,2140,9340.84
2024-09-04 08:00:44,ETHUSDT,bid,2210,4525.589
2024-09-04 08:01:10,ETHUSDT,bid,1700,6031.762
2024-09-04 08:01:15,ETHUSDT,bid,2140,4990.929
2024-09-04 08:01:19,ETHUSDT,bid,2140,4990.919
2024-09-04 08:01:24,ETHUSDT,bid,2200,4536.211
2024-09-04 08:01:26,ETHUSDT,bid,2200,4544.716
2024-09-04 08:01:26,ETHUSDT,bid,2200,4536.201
2024-09-04 08:01:26,ETHUSDT,bid,2220,4512.332
2024-09-04 08:01:44,ETHUSDT,bid,2210,4527.347
2024-09-04 08:01:46,ETHUSDT,bid,2210,4525.589
2024-09-04 08:01:55,ETHUSDT,bid,1960,5246.536
2024-09-04 08:01:57,ETHUSDT,bid,1960,5246.47
2024-09-04 08:01:57,ETHUSDT,bid,2140,4990.858
2024-09-04 08:01:57,ETHUSDT,bid,2210,4525.572
2024-09-04 08:01:59,ETHUSDT,bid,2140,4990.879
2024-09-04 08:02:01,ETHUSDT,bid,1700,6031.749
2024-09-04 08:02:02,ETHUSDT,bid,2140,9340.734
2024-09-04 08:02:13,ETHUSDT,bid,1960,5252.47
2024-09-04 08:02:36,ETHUSDT,bid,2220,4517.512
2024-09-04 08:02:37,ETHUSDT,bid,2250,4501.618
2024-09-04 08:02:41,ETHUSDT,bid,2250,4501.574
2024-09-04 08:02:45,ETHUSDT,bid,2140,4990.983
2024-09-04 08:02:51,ETHUSDT,bid,2030,5089.302
2024-09-04 08:02:59,ETHUSDT,bid,2200,5076.387
2024-09-04 08:03:14,ETHUSDT,bid,2210,4525.56
2024-09-04 08:03:14,ETHUSDT,bid,2220,4517.493
2024-09-04 08:03:14,ETHUSDT,bid,2140,4979.301
2024-09-04 08:03:16,ETHUSDT,bid,2210,4525.417
2024-09-04 08:03:26,ETHUSDT,bid,2200,4543.808
2024-09-04 08:03:40,ETHUSDT,bid,2200,4546.078
2024-09-04 08:03:44,ETHUSDT,bid,2210,4523.842
2024-09-04 08:03:51,ETHUSDT,bid,2200,4551.078
2024-09-04 08:03:59,ETHUSDT,bid,2220,4512.194
2024-09-04 08:03:59,ETHUSDT,bid,2220,4502.194
2024-09-04 08:04:02,ETHUSDT,bid,2300,5127.145
2024-09-04 08:04:03,ETHUSDT,bid,2300,5127.231
2024-09-04 08:04:03,ETHUSDT,bid,2300,5121.231
2024-09-04 08:04:04,ETHUSDT,bid,2300,5120.806
2024-09-04 08:04:04,ETHUSDT,bid,2300,5121.515
2024-09-04 08:04:04,ETHUSDT,bid,2300,5125.259
2024-09-04 08:04:05,ETHUSDT,bid,2300,5126.259
2024-09-04 08:04:08,ETHUSDT,bid,2300,5127.225
2024-09-04 08:04:08,ETHUSDT,bid,2300,5127.234
2024-09-04 08:04:09,ETHUSDT,bid,2300,5127.017
2024-09-04 08:04:10,ETHUSDT,bid,2300,5132.017
2024-09-04 08:04:12,ETHUSDT,bid,2300,5134.461
2024-09-04 08:04:12,ETHUSDT,bid,2300,5134.45
2024-09-04 08:04:12,ETHUSDT,bid,1960,5251.47
2024-09-04 08:04:12,ETHUSDT,bid,2300,5135.658
2024-09-04 08:04:13,ETHUSDT,bid,2210,4523.83
2024-09-04 08:04:14,ETHUSDT,bid,2300,5185.875
2024-09-04 08:04:14,ETHUSDT,bid,2300,5185.808
2024-09-04 08:04:14,ETHUSDT,bid,2300,5185.708
2024-09-04 08:04:15,ETHUSDT,bid,2300,5187.725
2024-09-04 08:04:15,ETHUSDT,bid,2300,5185.552
2024-09-04 08:04:16,ETHUSDT,bid,2300,5183.379
2024-09-04 08:04:18,ETHUSDT,bid,2250,4516.233
2024-09-04 08:04:18,ETHUSDT,bid,2300,5184.596
2024-09-04 08:04:19,ETHUSDT,bid,2300,5184.586
2024-09-04 08:04:20,ETHUSDT,bid,2140,4927.926
2024-09-04 08:04:22,ETHUSDT,bid,2300,5174.586
2024-09-04 08:04:23,ETHUSDT,bid,2300,5175.455
2024-09-04 08:04:24,ETHUSDT,bid,2300,5175.955
2024-09-04 08:04:25,ETHUSDT,bid,2300,5171.866
2024-09-04 08:04:26,ETHUSDT,bid,2300,5171.96
2024-09-04 08:04:26,ETHUSDT,bid,2300,5193.106
2024-09-04 08:04:27,ETHUSDT,bid,2300,5192.606
2024-09-04 08:04:29,ETHUSDT,bid,2300,5171.894
2024-09-04 08:04:29,ETHUSDT,bid,2300,5172.894
2024-09-04 08:04:30,ETHUSDT,bid,2300,10173.473
2024-09-04 08:04:31,ETHUSDT,bid,2300,10172.116
2024-09-04 08:04:31,ETHUSDT,bid,2300,10172.107
2024-09-04 08:04:31,ETHUSDT,bid,2300,10172.107
2024-09-04 08:04:31,ETHUSDT,bid,2300,10432.977
2024-09-04 08:04:32,ETHUSDT,bid,2300,10434.837
2024-09-04 08:04:32,ETHUSDT,bid,2300,10172.107
2024-09-04 08:04:32,ETHUSDT,bid,2300,10172.243
2024-09-04 08:04:32,ETHUSDT,bid,2300,10172.243
2024-09-04 08:04:33,ETHUSDT,bid,2300,10172.286
2024-09-04 08:04:34,ETHUSDT,bid,2300,10172.275
2024-09-04 08:04:34,ETHUSDT,bid,2300,10172.301
2024-09-04 08:04:34,ETHUSDT,bid,2070,9669.162
2024-09-04 08:04:36,ETHUSDT,bid,2300,10172.848
2024-09-04 08:04:36,ETHUSDT,bid,2300,10170.791
2024-09-04 08:04:37,ETHUSDT,bid,2300,10170.873
2024-09-04 08:04:38,ETHUSDT,bid,2300,10170.788
2024-09-04 08:04:38,ETHUSDT,bid,2300,10170.972
2024-09-04 08:04:39,ETHUSDT,bid,2300,10171.017
2024-09-04 08:04:39,ETHUSDT,bid,2300,10174.495
2024-09-04 08:04:40,ETHUSDT,bid,2250,4501.574
2024-09-04 08:04:41,ETHUSDT,bid,2300,10174.545
2024-09-04 08:04:41,ETHUSDT,bid,2300,10174.762
2024-09-04 08:04:41,ETHUSDT,bid,2300,10174.822
2024-09-04 08:04:41,ETHUSDT,bid,2300,10175.122
2024-09-04 08:04:43,ETHUSDT,bid,2300,10174.243
2024-09-04 08:04:43,ETHUSDT,bid,2300,10164.243
2024-09-04 08:04:45,ETHUSDT,bid,2300,10164.28
2024-09-04 08:04:45,ETHUSDT,bid,2140,9339.734
2024-09-04 08:04:45,ETHUSDT,bid,2300,10161.672
2024-09-04 08:04:45,ETHUSDT,bid,2300,10162.26
2024-09-04 08:04:45,ETHUSDT,bid,2300,10163.391
2024-09-04 08:04:46,ETHUSDT,bid,2300,10164.477
2024-09-04 08:04:46,ETHUSDT,bid,2300,10165.563
2024-09-04 08:04:48,ETHUSDT,bid,2300,10165.955
2024-09-04 08:04:49,ETHUSDT,bid,2300,10165.455
2024-09-04 08:04:49,ETHUSDT,bid,2300,10165.672
2024-09-04 08:04:50,ETHUSDT,bid,2300,10165.509
2024-09-04 08:04:52,ETHUSDT,bid,2300,10165.448
2024-09-04 08:04:53,ETHUSDT,bid,2300,10375.832
2024-09-04 08:04:53,ETHUSDT,bid,2250,4501.585
2024-09-04 08:04:53,ETHUSDT,bid,2300,10636.702
2024-09-04 08:04:53,ETHUSDT,bid,2300,10638.041
2024-09-04 08:04:54,ETHUSDT,bid,2300,10375.832
2024-09-04 08:04:56,ETHUSDT,bid,2300,10403.648
2024-09-04 08:04:57,ETHUSDT,bid,2300,10401.784
2024-09-04 08:04:58,ETHUSDT,bid,2300,10401.794
2024-09-04 08:04:58,ETHUSDT,bid,2230,4488.302
2024-09-04 08:04:58,ETHUSDT,bid,2300,10201.883
2024-09-04 08:04:59,ETHUSDT,bid,2300,10201.565
2024-09-04 08:04:59,ETHUSDT,bid,2300,10201.136
2024-09-04 08:05:00,ETHUSDT,bid,2220,4519.053
2024-09-04 08:05:00,ETHUSDT,bid,2300,10201.099
2024-09-04 08:05:00,ETHUSDT,bid,2300,10114.143
2024-09-04 08:05:02,ETHUSDT,bid,2200,4551.908
2024-09-04 08:05:02,ETHUSDT,bid,2300,10117.558
2024-09-04 08:05:02,ETHUSDT,bid,2300,10117.341
2024-09-04 08:05:04,ETHUSDT,bid,2300,10117.841
2024-09-04 08:05:05,ETHUSDT,bid,2300,10117.772
2024-09-04 08:05:07,ETHUSDT,bid,2220,4517.493
2024-09-04 08:05:07,ETHUSDT,bid,2300,10117.588
2024-09-04 08:05:07,ETHUSDT,bid,2300,10127.588
2024-09-04 08:05:07,ETHUSDT,bid,2300,10132.588
2024-09-04 08:05:08,ETHUSDT,bid,2300,10132.83
2024-09-04 08:05:09,ETHUSDT,bid,2300,10132.916
2024-09-04 08:05:09,ETHUSDT,bid,2300,10133.037
2024-09-04 08:05:09,ETHUSDT,bid,2300,10123.382
2024-09-04 08:05:11,ETHUSDT,bid,2300,10122.174
2024-09-04 08:05:11,ETHUSDT,bid,2300,10122.301
2024-09-04 08:05:11,ETHUSDT,bid,2300,10102.323
2024-09-04 08:05:12,ETHUSDT,bid,2300,10102.54
2024-09-04 08:05:14,ETHUSDT,bid,2300,10103.105
2024-09-04 08:05:15,ETHUSDT,bid,2300,10104.105
2024-09-04 08:05:17,ETHUSDT,bid,2300,10103.105
2024-09-04 08:05:18,ETHUSDT,bid,2300,10102.807
2024-09-04 08:05:19,ETHUSDT,bid,2220,4502.205
2024-09-04 08:05:19,ETHUSDT,bid,2300,10103.011
2024-09-04 08:05:19,ETHUSDT,bid,2300,10102.601
2024-09-04 08:05:19,ETHUSDT,bid,2300,10101.601
2024-09-04 08:05:20,ETHUSDT,bid,2300,10102.601
2024-09-04 08:05:21,ETHUSDT,bid,2300,10102.513
2024-09-04 08:05:24,ETHUSDT,bid,2300,10102.465
2024-09-04 08:05:25,ETHUSDT,bid,2300,10102.248
2024-09-04 08:05:26,ETHUSDT,bid,2300,10102.412
2024-09-04 08:05:29,ETHUSDT,bid,2300,10103.346
2024-09-04 08:05:29,ETHUSDT,bid,2300,10103.446
2024-09-04 08:05:30,ETHUSDT,bid,2300,10102.829
2024-09-04 08:05:30,ETHUSDT,bid,2300,10103.05
2024-09-04 08:05:31,ETHUSDT,bid,2300,10103.069
2024-09-04 08:05:33,ETHUSDT,bid,2300,10105.242
2024-09-04 08:05:33,ETHUSDT,bid,2300,10103.069
2024-09-04 08:05:33,ETHUSDT,bid,2300,10084.048
2024-09-04 08:05:33,ETHUSDT,bid,2300,10083.948
2024-09-04 08:05:34,ETHUSDT,bid,2300,10092.659
2024-09-04 08:05:34,ETHUSDT,bid,2300,10092.702
2024-09-04 08:05:35,ETHUSDT,bid,2300,10122.788
2024-09-04 08:05:36,ETHUSDT,bid,2300,10122.84
2024-09-04 08:05:37,ETHUSDT,bid,2300,10123.389
2024-09-04 08:05:41,ETHUSDT,bid,2300,10123.489
2024-09-04 08:05:41,ETHUSDT,bid,2300,10123.325
2024-09-04 08:05:42,ETHUSDT,bid,2300,10123.525
2024-09-04 08:05:43,ETHUSDT,bid,2300,10123.65
2024-09-04 08:05:44,ETHUSDT,bid,2300,10122.998
2024-09-04 08:05:46,ETHUSDT,bid,2300,10122.289
2024-09-04 08:05:48,ETHUSDT,bid,2300,10122.244
2024-09-04 08:05:48,ETHUSDT,bid,2300,10121.244
2024-09-04 08:05:48,ETHUSDT,bid,2300,10121.548
2024-09-04 08:05:48,ETHUSDT,bid,2300,10121.006
2024-09-04 08:05:49,ETHUSDT,bid,2300,10120.965
2024-09-04 08:05:49,ETHUSDT,bid,2300,10120.975
2024-09-04 08:05:49,ETHUSDT,bid,2300,10120.95
2024-09-04 08:05:50,ETHUSDT,bid,2300,10120.293
2024-09-04 08:05:50,ETHUSDT,bid,1950,5122.527
2024-09-04 08:05:50,ETHUSDT,bid,2300,10120.273
2024-09-04 08:05:50,ETHUSDT,bid,2300,10121.142
2024-09-04 08:05:52,ETHUSDT,bid,2300,10121.021
2024-09-04 08:05:52,ETHUSDT,bid,2300,10121.49
2024-09-04 08:05:53,ETHUSDT,bid,2300,10121.599
2024-09-04 08:05:53,ETHUSDT,bid,2300,10071.599
2024-09-04 08:05:54,ETHUSDT,bid,2300,10071.61
2024-09-04 08:05:54,ETHUSDT,bid,2300,10071.678
2024-09-04 08:05:54,ETHUSDT,bid,2300,10071.113
2024-09-04 08:05:55,ETHUSDT,bid,2300,10070.922
2024-09-04 08:05:56,ETHUSDT,bid,2300,10072.522
2024-09-04 08:05:59,ETHUSDT,bid,2300,10077.522
2024-09-04 08:06:00,ETHUSDT,bid,2300,10077.513
2024-09-04 08:06:00,ETHUSDT,bid,2300,10077.534
2024-09-04 08:06:02,ETHUSDT,bid,2300,10072.534
2024-09-04 08:06:02,ETHUSDT,bid,2300,10072.634
2024-09-04 08:06:02,ETHUSDT,bid,2300,10074.807
2024-09-04 08:06:04,ETHUSDT,bid,2300,10089.011
2024-09-04 08:06:04,ETHUSDT,bid,2300,10094.177
2024-09-04 08:06:04,ETHUSDT,bid,2300,10093.619
2024-09-04 08:06:06,ETHUSDT,bid,2300,10095.792
2024-09-04 08:06:06,ETHUSDT,bid,2300,10095.843
2024-09-04 08:06:06,ETHUSDT,bid,2300,10096.712
2024-09-04 08:06:09,ETHUSDT,bid,2300,10096.882
2024-09-04 08:06:10,ETHUSDT,bid,2300,10097.099
2024-09-04 08:06:10,ETHUSDT,bid,2300,10097.299
2024-09-04 08:06:10,ETHUSDT,bid,2300,10083.095
2024-09-04 08:06:11,ETHUSDT,bid,2300,10083.182
2024-09-04 08:06:11,ETHUSDT,bid,2300,10103.182
2024-09-04 08:06:14,ETHUSDT,bid,2300,10103.122
2024-09-04 08:06:16,ETHUSDT,bid,2300,10103.991
2024-09-04 08:06:17,ETHUSDT,bid,2300,10103.882
2024-09-04 08:06:19,ETHUSDT,bid,2300,10103.335
2024-09-04 08:06:19,ETHUSDT,bid,2300,10103.465
2024-09-04 08:06:21,ETHUSDT,bid,2300,10103.986
2024-09-04 08:06:22,ETHUSDT,bid,2300,10104.114
2024-09-04 08:06:22,ETHUSDT,bid,2070,4819.284
2024-09-04 08:06:22,ETHUSDT,bid,2300,10105.114
2024-09-04 08:06:23,ETHUSDT,bid,2300,10104.718
2024-09-04 08:06:23,ETHUSDT,bid,2300,10104.497
2024-09-04 08:06:23,ETHUSDT,bid,2300,10103.997
2024-09-04 08:06:25,ETHUSDT,bid,2300,10104.032
2024-09-04 08:06:26,ETHUSDT,bid,2300,10104.332
2024-09-04 08:06:27,ETHUSDT,bid,2300,10104.341
2024-09-04 08:06:28,ETHUSDT,bid,2300,10101.083
2024-09-04 08:06:30,ETHUSDT,bid,2300,10101.023
2024-09-04 08:06:31,ETHUSDT,bid,2300,10104.232
2024-09-04 08:06:31,ETHUSDT,bid,2300,10104.405
2024-09-04 08:06:34,ETHUSDT,bid,2300,10106.578
2024-09-04 08:06:35,ETHUSDT,bid,2300,10149.528
2024-09-04 08:06:35,ETHUSDT,bid,2300,10148.442
2024-09-04 08:06:35,ETHUSDT,bid,2300,10149.442
2024-09-04 08:06:36,ETHUSDT,bid,2300,10149.593
2024-09-04 08:06:38,ETHUSDT,bid,2300,10171.319
2024-09-04 08:06:38,ETHUSDT,bid,2300,10214.772
2024-09-04 08:06:38,ETHUSDT,bid,2300,10171.728
2024-09-04 08:06:40,ETHUSDT,bid,2300,10167.984
2024-09-04 08:06:43,ETHUSDT,bid,2200,4551.493
2024-09-04 08:06:43,ETHUSDT,bid,2300,10167.971
2024-09-04 08:06:44,ETHUSDT,bid,2300,10160.267
2024-09-04 08:06:45,ETHUSDT,bid,2300,10160.337
2024-09-04 08:06:45,ETHUSDT,bid,2300,10160.38
2024-09-04 08:06:49,ETHUSDT,bid,2300,10210.38
2024-09-04 08:06:49,ETHUSDT,bid,2300,10209.88
2024-09-04 08:06:49,ETHUSDT,bid,2300,10209.837
2024-09-04 08:06:50,ETHUSDT,bid,2300,10210.054
2024-09-04 08:06:50,ETHUSDT,bid,2140,4928.175
2024-09-04 08:06:50,ETHUSDT,bid,2300,10210.285
2024-09-04 08:06:50,ETHUSDT,bid,2300,10210.276
2024-09-04 08:06:50,ETHUSDT,bid,2300,10210.176
2024-09-04 08:06:52,ETHUSDT,bid,2300,10210.219
2024-09-04 08:06:52,ETHUSDT,bid,2300,10210.065
2024-09-04 08:06:53,ETHUSDT,bid,2300,10144.876
2024-09-04 08:06:53,ETHUSDT,bid,2300,10144.935
2024-09-04 08:06:54,ETHUSDT,bid,2300,10145.166
2024-09-04 08:06:55,ETHUSDT,bid,2300,10145.383
2024-09-04 08:06:55,ETHUSDT,bid,2300,10145.166
2024-09-04 08:06:57,ETHUSDT,bid,2300,10145.157
2024-09-04 08:06:59,ETHUSDT,bid,2300,10145.147
2024-09-04 08:07:01,ETHUSDT,bid,2300,10145.19
2024-09-04 08:07:01,ETHUSDT,bid,2300,10145.23
2024-09-04 08:07:01,ETHUSDT,bid,2300,10145.664
2024-09-04 08:07:01,ETHUSDT,bid,2300,10146.532
2024-09-04 08:07:02,ETHUSDT,bid,2300,10146.553
2024-09-04 08:07:14,ETHUSDT,bid,2230,4488.313
2024-09-04 08:07:17,ETHUSDT,bid,2200,4546.493
2024-09-04 08:07:20,ETHUSDT,bid,2140,9339.934
2024-09-04 08:07:21,ETHUSDT,bid,2220,4517.543
2024-09-04 08:07:30,ETHUSDT,bid,2140,9345.994
2024-09-04 08:07:31,ETHUSDT,bid,2250,4504.25
2024-09-04 08:07:37,ETHUSDT,bid,2230,4488.513
2024-09-04 08:08:09,ETHUSDT,bid,2140,4928.202
2024-09-04 08:08:41,ETHUSDT,bid,2200,4548.764
2024-09-04 08:08:41,ETHUSDT,bid,2250,4504.472
2024-09-04 08:09:20,ETHUSDT,bid,2230,4491.425
2024-09-04 08:09:47,ETHUSDT,bid,2200,5076.455
2024-09-04 08:09:52,ETHUSDT,bid,2140,4928.245
2024-09-04 08:10:02,ETHUSDT,bid,2200,5076.682
2024-09-04 08:10:21,ETHUSDT,bid,2140,4928.441
2024-09-04 08:10:21,ETHUSDT,bid,2140,4928.426
2024-09-04 08:10:32,ETHUSDT,bid,2220,4502.185
2024-09-04 08:11:01,ETHUSDT,bid,2070,9709.162
2024-09-04 08:11:21,ETHUSDT,bid,2200,5077.882
2024-09-04 08:12:03,ETHUSDT,bid,2200,4536.301
2024-09-04 08:12:25,ETHUSDT,ask,2590,5823.307
2024-09-04 08:12:28,ETHUSDT,bid,2200,4536.201
2024-09-04 08:12:30,ETHUSDT,bid,2140,9346.029
2024-09-04 08:12:54,ETHUSDT,ask,2570,3890.442
2024-09-04 08:13:05,ETHUSDT,bid,2250,4513.056
2024-09-04 08:13:46,ETHUSDT,ask,2570,3890.423
2024-09-04 08:14:10,ETHUSDT,bid,2230,4488.513
2024-09-04 08:14:19,ETHUSDT,ask,2650,3804.019
2024-09-04 08:14:19,ETHUSDT,ask,2670,3801.269
2024-09-04 08:14:42,ETHUSDT,ask,2650,3801.779
2024-09-04 08:14:57,ETHUSDT,bid,2220,4504.435
2024-09-04 08:15:26,ETHUSDT,bid,1960,5291.47
2024-09-04 08:15:33,ETHUSDT,bid,2140,9346.525
2024-09-04 08:15:56,ETHUSDT,bid,2250,4512.168
2024-09-04 08:16:35,ETHUSDT,bid,2210,4523.82
2024-09-04 08:16:44,ETHUSDT,bid,2220,4517.417
2024-09-04 08:16:48,ETHUSDT,bid,2250,4511.907
2024-09-04 08:16:52,ETHUSDT,bid,2250,4512.107
2024-09-04 08:16:59,ETHUSDT,bid,1700,6061.16
2024-09-04 08:17:00,ETHUSDT,bid,2250,4513.107
2024-09-04 08:17:09,ETHUSDT,bid,2230,4488.613
2024-09-04 08:17:12,ETHUSDT,ask,2670,3801.255
2024-09-04 08:17:19,ETHUSDT,bid,2140,4928.416
2024-09-04 08:17:22,ETHUSDT,bid,2140,4928.509
2024-09-04 08:17:41,ETHUSDT,bid,2220,4519.417
2024-09-04 08:18:00,ETHUSDT,bid,1960,5295.012
2024-09-04 08:18:42,ETHUSDT,bid,2140,4928.637
2024-09-04 08:19:50,ETHUSDT,bid,2200,5076.682
2024-09-04 08:20:45,ETHUSDT,bid,2210,4524.445
2024-09-04 08:21:49,ETHUSDT,bid,2140,4928.61
2024-09-04 08:22:02,ETHUSDT,bid,2220,4504.337
2024-09-04 08:22:05,ETHUSDT,bid,1960,5298.031
2024-09-04 08:22:15,ETHUSDT,bid,2140,9437.318
2024-09-04 08:22:17,ETHUSDT,bid,1700,6061.6
2024-09-04 08:22:19,ETHUSDT,bid,1960,5259.195
2024-09-04 08:22:34,ETHUSDT,bid,2250,4514.107
2024-09-04 08:22:43,ETHUSDT,bid,2200,5077.682
2024-09-04 08:23:01,ETHUSDT,bid,2070,4819.321
2024-09-04 08:23:21,ETHUSDT,ask,2590,5821.465
2024-09-04 08:23:30,ETHUSDT,bid,1700,6062.188
2024-09-04 08:23:40,ETHUSDT,bid,1700,6063.188
2024-09-04 08:25:16,ETHUSDT,bid,2140,4928.62
2024-09-04 08:27:07,ETHUSDT,bid,2340,4270.154
2024-09-04 08:27:08,ETHUSDT,bid,2340,4270.044
2024-09-04 08:27:09,ETHUSDT,bid,2340,4271.553
2024-09-04 08:27:09,ETHUSDT,bid,2340,4270.053
2024-09-04 08:27:09,ETHUSDT,bid,2340,4270.195
2024-09-04 08:27:09,ETHUSDT,bid,2340,4271.695
2024-09-04 08:27:09,ETHUSDT,bid,2340,4271.395
2024-09-04 08:27:09,ETHUSDT,bid,2340,4271.595
2024-09-04 08:27:09,ETHUSDT,bid,2340,4270.195
2024-09-04 08:27:10,ETHUSDT,bid,2340,4270.053
2024-09-04 08:27:12,ETHUSDT,bid,2340,4269.664
2024-09-04 08:27:12,ETHUSDT,bid,2340,4274.664
2024-09-04 08:27:15,ETHUSDT,ask,2590,5819.465
2024-09-04 08:28:49,ETHUSDT,bid,2220,4519.446
2024-09-04 08:28:57,ETHUSDT,bid,2200,4548.832
2024-09-04 08:30:23,ETHUSDT,ask,2670,3801.655
2024-09-04 08:31:56,ETHUSDT,bid,1700,6033.777
2024-09-04 08:32:00,ETHUSDT,bid,2140,4928.527
2024-09-04 08:32:30,ETHUSDT,bid,2200,4536.226
2024-09-04 08:32:43,ETHUSDT,bid,1950,5118.527
2024-09-04 08:33:14,ETHUSDT,bid,2220,4504.786
2024-09-04 08:33:49,ETHUSDT,bid,2140,4928.331
2024-09-04 08:34:14,ETHUSDT,bid,2140,4928.525
2024-09-04 08:34:19,ETHUSDT,bid,2140,4928.331
2024-09-04 08:35:22,ETHUSDT,bid,2140,4928.527
2024-09-04 08:35:40,ETHUSDT,bid,2030,5089.057
2024-09-04 08:35:42,ETHUSDT,bid,2140,4928.331
2024-09-04 08:35:46,ETHUSDT,bid,1940,5161.389
2024-09-04 08:36:33,ETHUSDT,ask,2670,3741.59
2024-09-04 08:39:34,ETHUSDT,bid,2140,4928.461
2024-09-04 08:40:33,ETHUSDT,ask,2570,3894.423
2024-09-04 08:40:46,ETHUSDT,bid,2220,4517.446
2024-09-04 08:43:01,ETHUSDT,bid,2140,9438.338
2024-09-04 08:43:01,ETHUSDT,bid,2140,9438.834
2024-09-04 08:43:02,ETHUSDT,bid,2140,9439.982
2024-09-04 08:43:31,ETHUSDT,bid,2230,4558.613
2024-09-04 08:44:01,ETHUSDT,bid,2140,9438.962
2024-09-04 08:44:01,ETHUSDT,bid,2140,9438.466
2024-09-04 08:44:02,ETHUSDT,bid,2140,9437.318
2024-09-04 08:45:09,ETHUSDT,bid,2200,4546.339
2024-09-04 08:46:11,ETHUSDT,bid,1700,6033.827
2024-09-04 08:47:04,ETHUSDT,bid,2140,4928.213
2024-09-04 08:48:01,ETHUSDT,bid,2230,4488.613
2024-09-04 08:48:48,ETHUSDT,bid,1700,6072.872
2024-09-04 08:50:43,ETHUSDT,bid,1700,6072.372
2024-09-04 08:50:44,ETHUSDT,bid,2140,4928.223
2024-09-04 08:50:52,ETHUSDT,bid,1960,5259.695
2024-09-04 08:51:05,ETHUSDT,bid,2140,4928.213
2024-09-04 08:52:30,ETHUSDT,bid,2140,4918.138
2024-09-04 08:53:54,ETHUSDT,bid,2250,4512.627
2024-09-04 08:54:30,ETHUSDT,bid,1950,5121.126
2024-09-04 08:54:59,ETHUSDT,bid,2140,4928.138
2024-09-04 08:56:22,ETHUSDT,bid,2200,6501.46
2024-09-04 08:58:01,ETHUSDT,bid,2220,4504.486
2024-09-04 08:58:08,ETHUSDT,bid,2200,4548.417
2024-09-04 08:59:51,ETHUSDT,bid,2140,4930.181
2024-09-04 09:00:07,ETHUSDT,bid,2200,4536.226
2024-09-04 09:01:15,ETHUSDT,bid,1960,5260.052
2024-09-04 09:01:52,ETHUSDT,bid,2140,9433.767
2024-09-04 09:02:20,ETHUSDT,bid,2140,4930.199
2024-09-04 09:03:09,ETHUSDT,bid,2220,4504.565
2024-09-04 09:03:54,ETHUSDT,bid,2140,4930.165
2024-09-04 09:04:02,ETHUSDT,bid,2140,4933.108
2024-09-04 09:04:06,ETHUSDT,bid,2140,4933.118
2024-09-04 09:04:20,ETHUSDT,bid,2140,9433.906
2024-09-04 09:04:28,ETHUSDT,bid,2140,4933.258
2024-09-04 09:04:40,ETHUSDT,bid,2220,4504.486
2024-09-04 09:04:43,ETHUSDT,bid,2140,4931.258
2024-09-04 09:05:13,ETHUSDT,bid,1700,6033.327
2024-09-04 09:05:36,ETHUSDT,bid,2250,4506.444
2024-09-04 09:06:16,ETHUSDT,bid,2140,9427.846
2024-09-04 09:06:35,ETHUSDT,ask,2670,3801.718
2024-09-04 09:06:38,ETHUSDT,bid,1960,5260.072
2024-09-04 09:07:04,ETHUSDT,bid,1700,6033.347
2024-09-04 09:08:07,ETHUSDT,bid,2140,4928.315
2024-09-04 09:09:28,ETHUSDT,bid,2220,4504.75
2024-09-04 09:09:35,ETHUSDT,bid,2210,4524.71
2024-09-04 09:09:43,ETHUSDT,bid,2200,4536.439
2024-09-04 09:10:03,ETHUSDT,ask,2670,3800.718
2024-09-04 09:12:34,ETHUSDT,bid,1700,6034.612
2024-09-04 09:12:56,ETHUSDT,bid,2140,4929.249
2024-09-04 09:14:47,ETHUSDT,bid,2140,4929.27
2024-09-04 09:16:06,ETHUSDT,bid,2140,4919.27
2024-09-04 09:19:30,ETHUSDT,bid,1960,5259.572
2024-09-04 09:19:58,ETHUSDT,bid,2140,9427.896
2024-09-04 09:20:00,ETHUSDT,bid,2140,9427.846
2024-09-04 09:20:11,ETHUSDT,ask,2590,5819.475
2024-09-04 09:20:12,ETHUSDT,ask,2590,5819.485
2024-09-04 09:20:18,ETHUSDT,bid,1940,5214.436
2024-09-04 09:20:20,ETHUSDT,bid,2220,4504.486
2024-09-04 09:20:35,ETHUSDT,bid,2200,4536.226
2024-09-04 09:20:50,ETHUSDT,bid,1700,6036.728
2024-09-04 09:20:56,ETHUSDT,ask,2590,5819.475
2024-09-04 09:20:58,ETHUSDT,ask,2590,5819.465
2024-09-04 09:24:04,ETHUSDT,bid,2140,4919.289
2024-09-04 09:24:20,ETHUSDT,bid,2030,5039.057
2024-09-04 09:24:34,ETHUSDT,bid,1700,6040.257
2024-09-04 09:25:54,ETHUSDT,ask,2670,3800.703
2024-09-04 09:30:15,ETHUSDT,bid,2140,4919.27
2024-09-04 09:30:50,ETHUSDT,bid,1700,6038.141
2024-09-04 09:31:47,ETHUSDT,ask,2590,5819.475
2024-09-04 09:34:20,ETHUSDT,bid,2230,4498.505
2024-09-04 09:34:25,ETHUSDT,bid,1700,6042.258
2024-09-04 09:35:07,ETHUSDT,bid,1700,6042.244
2024-09-04 09:35:20,ETHUSDT,bid,2230,4488.613
2024-09-04 09:36:38,ETHUSDT,ask,2590,5819.475
2024-09-04 09:36:38,ETHUSDT,ask,2590,5819.485
2024-09-04 09:37:16,ETHUSDT,ask,2590,5819.465
2024-09-04 09:38:51,ETHUSDT,bid,2200,4536.907
2024-09-04 09:39:44,ETHUSDT,bid,2230,4493.613
2024-09-04 09:41:11,ETHUSDT,bid,2200,6501.415
2024-09-04 09:41:15,ETHUSDT,bid,2230,4493.602
2024-09-04 09:42:58,ETHUSDT,bid,2220,4505.263
2024-09-04 09:45:34,ETHUSDT,bid,1700,6042.291
2024-09-04 09:47:31,ETHUSDT,bid,2200,6501.434
2024-09-04 09:48:04,ETHUSDT,bid,2250,4497.86
2024-09-04 09:53:22,ETHUSDT,ask,2570,3886.669
2024-09-04 09:55:04,ETHUSDT,bid,2070,9708.919
2024-09-04 09:55:13,ETHUSDT,bid,2220,4505.252
2024-09-04 09:55:42,ETHUSDT,bid,2140,4921.27
2024-09-04 09:57:28,ETHUSDT,ask,2590,5819.475
2024-09-04 09:59:49,ETHUSDT,bid,1700,6044.251
2024-09-04 10:00:08,ETHUSDT,bid,2140,4911.925
2024-09-04 10:00:19,ETHUSDT,bid,1700,6042.291
2024-09-04 10:00:26,ETHUSDT,bid,1700,6043.598
2024-09-04 10:02:54,ETHUSDT,bid,1960,5256.03
2024-09-04 10:03:53,ETHUSDT,bid,2200,4539.911
2024-09-04 10:04:43,ETHUSDT,ask,2670,3801.672
2024-09-04 10:05:10,ETHUSDT,bid,2220,4505.262
2024-09-04 10:05:16,ETHUSDT,bid,1700,6043.551
2024-09-04 10:06:09,ETHUSDT,bid,2070,9668.919
2024-09-04 10:12:21,ETHUSDT,bid,2140,4911.935
2024-09-04 10:12:22,ETHUSDT,bid,2140,4911.953
2024-09-04 10:12:31,ETHUSDT,bid,2140,4911.943
2024-09-04 10:14:53,ETHUSDT,bid,1940,5214.416
2024-09-04 10:15:26,ETHUSDT,bid,2210,4525.126
2024-09-04 10:17:09,ETHUSDT,bid,2210,4526.145
2024-09-04 10:18:32,ETHUSDT,bid,2200,6501.576
2024-09-04 10:18:39,ETHUSDT,bid,2250,4498.0
2024-09-04 10:19:28,ETHUSDT,bid,2140,4914.481
2024-09-04 10:20:53,ETHUSDT,bid,2040,9800.781
2024-09-04 10:22:22,ETHUSDT,bid,2140,4914.463
2024-09-04 10:27:17,ETHUSDT,bid,2210,4525.52
2024-09-04 10:28:15,ETHUSDT,bid,1700,6043.584
2024-09-04 10:28:15,ETHUSDT,bid,1960,5256.063
2024-09-04 10:28:15,ETHUSDT,bid,2140,4914.496
2024-09-04 10:29:22,ETHUSDT,bid,1700,6043.569
2024-09-04 10:30:04,ETHUSDT,ask,2650,3844.758
2024-09-04 10:30:33,ETHUSDT,bid,1960,5256.17
2024-09-04 10:30:33,ETHUSDT,bid,2140,4914.603
2024-09-04 10:30:33,ETHUSDT,ask,2670,3800.776
2024-09-04 10:32:03,ETHUSDT,bid,2250,4495.335
2024-09-04 10:32:23,ETHUSDT,bid,2140,4915.537
2024-09-04 10:32:44,ETHUSDT,bid,2140,4940.537
2024-09-04 10:33:00,ETHUSDT,bid,2140,4940.547
2024-09-04 10:33:00,ETHUSDT,bid,2140,4940.547
2024-09-04 10:33:03,ETHUSDT,bid,2140,9428.866
2024-09-04 10:33:04,ETHUSDT,bid,2140,9429.362
2024-09-04 10:33:05,ETHUSDT,bid,2140,9430.51
2024-09-04 10:33:09,ETHUSDT,bid,2140,4940.537
2024-09-04 10:34:00,ETHUSDT,bid,2140,9429.49
2024-09-04 10:34:01,ETHUSDT,bid,2140,9428.994
2024-09-04 10:34:01,ETHUSDT,bid,2140,9427.846
2024-09-04 10:34:31,ETHUSDT,ask,2650,3801.779
2024-09-04 10:34:34,ETHUSDT,bid,1700,6043.716
2024-09-04 10:35:58,ETHUSDT,bid,2210,4525.53
2024-09-04 10:36:15,ETHUSDT,bid,1700,6043.616
2024-09-04 10:36:19,ETHUSDT,bid,2200,6501.676
2024-09-04 10:36:19,ETHUSDT,bid,2140,4938.528
2024-09-04 10:37:42,ETHUSDT,ask,2650,3803.282
2024-09-04 10:37:44,ETHUSDT,ask,2650,3801.779
2024-09-04 10:38:45,ETHUSDT,bid,2140,4938.564
2024-09-04 10:39:37,ETHUSDT,bid,2140,4938.528
2024-09-04 10:40:44,ETHUSDT,bid,1950,5122.059
2024-09-04 10:43:43,ETHUSDT,bid,2200,6502.676
2024-09-04 10:48:14,ETHUSDT,bid,2070,4819.339
2024-09-04 10:48:14,ETHUSDT,bid,2250,4507.033
2024-09-04 10:51:17,ETHUSDT,bid,1700,6043.716
2024-09-04 10:52:34,ETHUSDT,bid,2250,4495.335
2024-09-04 10:58:14,ETHUSDT,bid,2140,9427.862
2024-09-04 10:58:14,ETHUSDT,bid,2200,4548.432
2024-09-04 10:58:14,ETHUSDT,bid,2220,4505.277
2024-09-04 11:00:57,ETHUSDT,bid,1960,5256.121
2024-09-04 11:12:25,ETHUSDT,bid,2200,4540.41
2024-09-04 11:12:55,ETHUSDT,bid,1700,6044.069
2024-09-04 11:13:00,ETHUSDT,bid,2140,9427.842
2024-09-04 11:13:19,ETHUSDT,bid,2030,5039.036
2024-09-04 11:17:30,ETHUSDT,ask,2650,3801.793
2024-09-04 11:17:30,ETHUSDT,ask,2670,3800.79
2024-09-04 11:18:23,ETHUSDT,bid,2140,4939.117
2024-09-04 11:19:16,ETHUSDT,bid,2250,4496.347
2024-09-04 11:19:18,ETHUSDT,ask,2670,3800.609
2024-09-04 11:19:20,ETHUSDT,bid,2250,4506.152
2024-09-04 11:20:20,ETHUSDT,bid,2250,4496.347
2024-09-04 11:22:26,ETHUSDT,ask,2650,3801.38
2024-09-04 11:28:28,ETHUSDT,bid,2250,4496.524
2024-09-04 11:47:59,ETHUSDT,ask,2670,3733.299
2024-09-04 11:49:18,ETHUSDT,bid,1700,6043.969
2024-09-04 11:49:49,ETHUSDT,bid,2140,4939.097
2024-09-04 11:53:37,ETHUSDT,bid,1700,6042.969
2024-09-04 11:54:38,ETHUSDT,bid,2140,9428.075
2024-09-04 11:56:33,ETHUSDT,bid,1960,5256.192
2024-09-04 11:57:10,ETHUSDT,bid,1960,5256.437
2024-09-04 11:59:53,ETHUSDT,bid,1700,6042.83
2024-09-04 12:00:00,ETHUSDT,bid,2210,4525.569
2024-09-04 12:00:15,ETHUSDT,bid,1950,5132.289
2024-09-04 12:01:42,ETHUSDT,bid,1960,5250.825
2024-09-04 12:01:47,ETHUSDT,bid,2210,4525.53
2024-09-04 12:03:18,ETHUSDT,bid,2140,9428.134
2024-09-04 12:04:00,ETHUSDT,bid,2070,9667.185
2024-09-04 12:04:48,ETHUSDT,bid,2140,4914.097
2024-09-04 12:06:27,ETHUSDT,bid,2140,9430.508
2024-09-04 12:06:31,ETHUSDT,ask,2570,3886.65
2024-09-04 12:22:02,ETHUSDT,bid,2200,6501.476
2024-09-04 12:23:31,ETHUSDT,bid,2200,4552.973
2024-09-04 12:26:23,ETHUSDT,bid,2140,4911.559
2024-09-04 12:27:15,ETHUSDT,ask,2670,3799.609
2024-09-04 12:34:24,ETHUSDT,bid,1960,5250.468
2024-09-04 12:35:28,ETHUSDT,bid,2230,4493.625
2024-09-04 12:39:17,ETHUSDT,bid,1940,5161.364
2024-09-04 12:44:46,ETHUSDT,bid,2140,4911.127
2024-09-04 12:48:32,ETHUSDT,ask,2990,3521.468
2024-09-04 12:49:53,ETHUSDT,ask,2670,3798.027
2024-09-04 12:51:35,ETHUSDT,bid,1960,5270.876
2024-09-04 12:53:10,ETHUSDT,bid,2140,4911.327
2024-09-04 12:56:28,ETHUSDT,bid,1960,5309.856
2024-09-04 12:57:42,ETHUSDT,bid,2210,4525.55
2024-09-04 12:57:55,ETHUSDT,bid,2140,4911.246
2024-09-04 12:58:13,ETHUSDT,bid,2140,4911.369
2024-09-04 13:01:59,ETHUSDT,bid,2210,4525.561
2024-09-04 13:02:30,ETHUSDT,bid,1940,5162.153
2024-09-04 13:08:53,ETHUSDT,bid,1960,5270.876
2024-09-04 13:10:48,ETHUSDT,ask,2990,3469.945
2024-09-04 13:11:46,ETHUSDT,bid,2140,4911.435
2024-09-04 13:13:45,ETHUSDT,bid,2210,4525.541
2024-09-04 13:15:00,ETHUSDT,bid,1700,6042.628
2024-09-04 13:16:26,ETHUSDT,bid,2200,4553.973
2024-09-04 13:18:04,ETHUSDT,bid,2140,4911.735
2024-09-04 13:19:05,ETHUSDT,bid,2220,4505.726
2024-09-04 13:20:20,ETHUSDT,bid,2140,4914.73
2024-09-04 13:21:41,ETHUSDT,bid,2140,4911.735
2024-09-04 13:23:07,ETHUSDT,bid,2200,4545.302
2024-09-04 13:25:42,ETHUSDT,bid,2140,4911.75
2024-09-04 13:26:05,ETHUSDT,bid,2200,4540.41
2024-09-04 13:26:48,ETHUSDT,bid,2030,4939.036
2024-09-04 13:27:04,ETHUSDT,bid,2030,5039.036
2024-09-04 13:30:05,ETHUSDT,bid,2140,9431.528
2024-09-04 13:30:06,ETHUSDT,bid,2140,9432.024
2024-09-04 13:30:07,ETHUSDT,bid,2140,9433.172
2024-09-04 13:30:45,ETHUSDT,bid,2140,4912.05
2024-09-04 13:31:00,ETHUSDT,bid,2140,9432.152
2024-09-04 13:31:01,ETHUSDT,bid,2140,9431.656
2024-09-04 13:31:01,ETHUSDT,bid,2140,9430.508
2024-09-04 13:33:56,ETHUSDT,bid,2220,4505.277
2024-09-04 13:36:42,ETHUSDT,ask,2990,3358.322
2024-09-04 13:39:11,ETHUSDT,bid,1960,5270.631
2024-09-04 13:41:51,ETHUSDT,bid,2140,4911.936
2024-09-04 13:43:46,ETHUSDT,bid,2140,4911.636
2024-09-04 13:44:33,ETHUSDT,bid,2230,4493.647
2024-09-04 13:53:41,ETHUSDT,bid,2140,9427.887
2024-09-04 13:55:38,ETHUSDT,bid,2200,4540.681
2024-09-04 13:56:04,ETHUSDT,bid,2220,4693.846
2024-09-04 13:57:30,ETHUSDT,bid,2140,4911.646
2024-09-04 13:57:31,ETHUSDT,bid,2140,4911.656
2024-09-04 13:57:31,ETHUSDT,bid,2140,4911.666
2024-09-04 13:57:31,ETHUSDT,bid,2140,4911.676
2024-09-04 13:57:32,ETHUSDT,bid,2140,4911.666
2024-09-04 13:57:32,ETHUSDT,bid,2140,4911.676
2024-09-04 13:57:33,ETHUSDT,bid,2140,4911.676
2024-09-04 13:57:33,ETHUSDT,bid,2140,4911.686
2024-09-04 13:57:33,ETHUSDT,bid,2140,4911.686
2024-09-04 13:57:34,ETHUSDT,bid,2140,4911.696
2024-09-04 13:57:34,ETHUSDT,bid,2140,4911.706
2024-09-04 13:57:34,ETHUSDT,bid,2140,4911.706
2024-09-04 13:57:35,ETHUSDT,bid,2140,4911.716
2024-09-04 13:57:41,ETHUSDT,bid,2140,4911.706
2024-09-04 13:57:43,ETHUSDT,bid,2140,4911.696
2024-09-04 13:58:13,ETHUSDT,bid,2140,4911.686
2024-09-04 13:58:13,ETHUSDT,bid,2140,4911.676
2024-09-04 13:58:14,ETHUSDT,bid,2140,4911.666
2024-09-04 13:58:15,ETHUSDT,bid,2140,4911.656
2024-09-04 13:58:16,ETHUSDT,bid,2140,4911.646
2024-09-04 13:58:17,ETHUSDT,bid,2140,4911.636
2024-09-04 14:08:52,ETHUSDT,bid,2140,4911.621
2024-09-04 14:10:56,ETHUSDT,bid,2210,4525.563
2024-09-04 14:11:27,ETHUSDT,bid,2230,4488.647
2024-09-04 14:18:14,ETHUSDT,bid,2200,6502.025
2024-09-04 14:18:33,ETHUSDT,bid,2140,4911.555
2024-09-04 14:18:40,ETHUSDT,ask,2570,3886.457
2024-09-04 14:21:51,ETHUSDT,bid,2140,9427.897
2024-09-04 14:22:00,ETHUSDT,bid,2140,9427.887
2024-09-04 14:23:58,ETHUSDT,bid,1960,5272.631
2024-09-04 14:26:48,ETHUSDT,bid,2140,9427.897
2024-09-04 14:26:51,ETHUSDT,bid,2140,9427.907
2024-09-04 14:26:51,ETHUSDT,bid,2140,9427.917
2024-09-04 14:26:58,ETHUSDT,bid,2140,9427.907
2024-09-04 14:27:00,ETHUSDT,bid,2140,9427.897
2024-09-04 14:27:00,ETHUSDT,bid,2140,9427.887
2024-09-04 14:29:58,ETHUSDT,bid,1700,6042.595
2024-09-04 14:29:58,ETHUSDT,bid,1960,5272.598
2024-09-04 14:29:58,ETHUSDT,bid,2140,4911.522
2024-09-04 14:30:06,ETHUSDT,bid,2210,4525.541
2024-09-04 14:36:50,ETHUSDT,ask,2590,5819.465
2024-09-04 14:38:48,ETHUSDT,bid,1940,5162.569
2024-09-04 14:41:28,ETHUSDT,bid,2220,4517.446
2024-09-04 14:42:08,ETHUSDT,bid,2220,4805.277
2024-09-04 14:42:08,ETHUSDT,bid,2220,5105.277
2024-09-04 14:42:10,ETHUSDT,bid,2220,4505.277
2024-09-04 14:42:11,ETHUSDT,bid,2230,4788.647
2024-09-04 14:42:13,ETHUSDT,bid,2220,4805.277
2024-09-04 14:42:14,ETHUSDT,bid,2220,4505.277
2024-09-04 14:42:14,ETHUSDT,bid,2230,4488.647
2024-09-04 14:42:21,ETHUSDT,bid,2210,4825.541
2024-09-04 14:42:24,ETHUSDT,bid,2200,4840.681
2024-09-04 14:42:26,ETHUSDT,bid,2200,4540.681
2024-09-04 14:42:26,ETHUSDT,bid,2210,4525.541
2024-09-04 14:42:26,ETHUSDT,bid,2200,4853.973
2024-09-04 14:42:28,ETHUSDT,bid,2200,4553.973
2024-09-04 14:42:29,ETHUSDT,bid,2200,6802.025
2024-09-04 14:42:30,ETHUSDT,bid,2200,6502.025
2024-09-04 14:44:06,ETHUSDT,bid,2070,4819.321
2024-09-04 14:44:10,ETHUSDT,bid,2220,4505.287
2024-09-04 14:44:24,ETHUSDT,bid,2220,4517.754
2024-09-04 14:44:50,ETHUSDT,bid,2140,4911.512
2024-09-04 14:49:04,ETHUSDT,bid,1700,6044.553
2024-09-04 14:49:54,ETHUSDT,bid,2220,4517.446
2024-09-04 14:52:01,ETHUSDT,bid,2140,9427.917
2024-09-04 14:56:14,ETHUSDT,bid,2070,9667.216
2024-09-04 14:58:27,ETHUSDT,bid,1950,5132.322
2024-09-04 14:58:37,ETHUSDT,bid,1940,5162.602
2024-09-04 15:03:11,ETHUSDT,bid,2200,6503.391
2024-09-04 15:06:40,ETHUSDT,bid,2200,6502.025
2024-09-04 15:09:44,ETHUSDT,bid,2220,4505.297
2024-09-04 15:10:09,ETHUSDT,bid,2140,9430.785
2024-09-04 15:15:09,ETHUSDT,bid,2220,4504.876
2024-09-04 15:22:45,ETHUSDT,ask,2990,3469.935
2024-09-04 15:23:12,ETHUSDT,ask,2990,3469.945
2024-09-04 15:28:10,ETHUSDT,bid,2140,4911.633
2024-09-04 15:29:42,ETHUSDT,bid,2220,4551.214
2024-09-04 15:32:19,ETHUSDT,ask,2990,3453.066
2024-09-04 15:32:30,ETHUSDT,bid,1700,6037.115
2024-09-04 15:33:16,ETHUSDT,bid,1700,6044.725
2024-09-04 15:40:11,ETHUSDT,bid,1700,6044.625
2024-09-04 15:45:42,ETHUSDT,ask,2570,3885.957
2024-09-04 15:49:16,ETHUSDT,bid,2140,4912.318
2024-09-04 15:49:56,ETHUSDT,bid,1940,5161.813
2024-09-04 15:53:08,ETHUSDT,bid,1950,5132.622
2024-09-04 15:56:01,ETHUSDT,ask,2650,3799.84
2024-09-04 15:56:16,ETHUSDT,ask,2650,3801.431
2024-09-04 15:59:15,ETHUSDT,bid,1950,5122.392
2024-09-04 16:07:42,ETHUSDT,bid,2030,5037.473
2024-09-04 16:09:27,ETHUSDT,ask,2670,3798.044
2024-09-04 16:11:32,ETHUSDT,ask,2590,5819.453
2024-09-04 16:12:09,ETHUSDT,bid,1700,6045.625
2024-09-04 16:18:42,ETHUSDT,bid,2220,4503.876
2024-09-04 16:18:42,ETHUSDT,ask,2990,3452.777
2024-09-04 16:22:08,ETHUSDT,bid,1960,5274.511
2024-09-04 16:24:38,ETHUSDT,bid,1960,5313.015
2024-09-04 16:27:11,ETHUSDT,bid,2200,6502.125
2024-09-04 16:34:31,ETHUSDT,bid,2200,6502.057
2024-09-04 16:38:00,ETHUSDT,ask,2590,5818.902
2024-09-04 16:41:29,ETHUSDT,bid,1940,5161.941
2024-09-04 16:44:20,ETHUSDT,bid,1700,6045.775
2024-09-04 16:44:30,ETHUSDT,bid,2140,4915.414
2024-09-04 16:46:27,ETHUSDT,bid,2210,4525.53
2024-09-04 16:50:41,ETHUSDT,ask,2650,3801.521
2024-09-04 16:51:27,ETHUSDT,bid,2140,9428.411
2024-09-04 16:52:10,ETHUSDT,bid,2140,4915.114
2024-09-04 16:52:22,ETHUSDT,bid,2370,4364.329
2024-09-04 16:52:28,ETHUSDT,bid,2350,5000.877
2024-09-04 16:52:39,ETHUSDT,bid,2330,4628.341
2024-09-04 16:52:56,ETHUSDT,bid,2330,4620.341
2024-09-04 16:53:04,ETHUSDT,bid,2330,4620.214
2024-09-04 16:53:05,ETHUSDT,bid,2370,4364.429
2024-09-04 16:53:12,ETHUSDT,bid,2350,5000.777
2024-09-04 16:53:30,ETHUSDT,bid,2370,4364.329
2024-09-04 16:53:38,ETHUSDT,bid,2350,5000.877
2024-09-04 16:53:40,ETHUSDT,bid,2370,4363.001
2024-09-04 16:53:57,ETHUSDT,bid,2350,5000.634
2024-09-04 16:54:52,ETHUSDT,bid,2370,4364.034
2024-09-04 16:54:52,ETHUSDT,bid,2350,5002.303
2024-09-04 16:54:52,ETHUSDT,bid,2370,4377.94
2024-09-04 16:54:56,ETHUSDT,bid,2350,5003.028
2024-09-04 16:55:10,ETHUSDT,bid,2370,4376.907
2024-09-04 16:55:13,ETHUSDT,bid,2350,5019.028
2024-09-04 16:55:22,ETHUSDT,bid,2370,4397.793
2024-09-04 16:55:22,ETHUSDT,bid,2370,4383.887
2024-09-04 16:55:46,ETHUSDT,bid,2350,5018.303
2024-09-04 16:56:04,ETHUSDT,bid,2330,4612.246
2024-09-04 16:56:37,ETHUSDT,bid,2330,4612.161
2024-09-04 16:56:44,ETHUSDT,bid,2330,4612.15
2024-09-04 16:56:52,ETHUSDT,bid,2350,5019.667
2024-09-04 16:56:53,ETHUSDT,bid,2140,4940.114
2024-09-04 16:57:12,ETHUSDT,bid,2370,4363.001
2024-09-04 16:58:15,ETHUSDT,bid,2040,9800.547
2024-09-04 16:58:27,ETHUSDT,ask,2570,3885.907
2024-09-04 16:58:27,ETHUSDT,ask,2590,5818.832
2024-09-04 16:58:45,ETHUSDT,bid,2200,4540.656
2024-09-04 16:59:06,ETHUSDT,bid,2350,5020.667
2024-09-04 16:59:19,ETHUSDT,bid,2370,4365.216
2024-09-04 16:59:51,ETHUSDT,bid,2330,4605.027
2024-09-04 16:59:54,ETHUSDT,bid,2350,5017.137
2024-09-04 17:00:17,ETHUSDT,bid,2350,5017.304
2024-09-04 17:00:30,ETHUSDT,bid,2350,5015.635
2024-09-04 17:00:42,ETHUSDT,bid,2370,4343.031
2024-09-04 17:01:10,ETHUSDT,bid,2330,4605.596
2024-09-04 17:01:50,ETHUSDT,bid,2350,5015.529
2024-09-04 17:02:41,ETHUSDT,bid,2370,4343.394
2024-09-04 17:02:47,ETHUSDT,bid,2370,4343.9
2024-09-04 17:03:01,ETHUSDT,bid,2370,4343.911
2024-09-04 17:03:29,ETHUSDT,bid,2200,6501.957
2024-09-04 17:03:35,ETHUSDT,bid,2370,4344.332
2024-09-04 17:03:46,ETHUSDT,bid,2370,4344.351
2024-09-04 17:04:04,ETHUSDT,bid,2350,5015.741
2024-09-04 17:04:44,ETHUSDT,bid,2370,4343.759
2024-09-04 17:05:15,ETHUSDT,bid,2350,5014.741
2024-09-04 17:05:45,ETHUSDT,bid,2220,4517.446
2024-09-04 17:05:47,ETHUSDT,bid,2370,4343.838
2024-09-04 17:05:56,ETHUSDT,bid,2330,4607.193
2024-09-04 17:06:15,ETHUSDT,bid,2370,4343.938
2024-09-04 17:06:21,ETHUSDT,bid,2370,4342.547
2024-09-04 17:07:16,ETHUSDT,bid,2350,5014.762
2024-09-04 17:07:26,ETHUSDT,bid,2350,5014.829
2024-09-04 17:07:40,ETHUSDT,bid,2350,5014.729
2024-09-04 17:07:48,ETHUSDT,bid,2370,4343.937
2024-09-04 17:07:55,ETHUSDT,bid,2370,4344.78
2024-09-04 17:07:59,ETHUSDT,bid,2210,4525.52
2024-09-04 17:08:22,ETHUSDT,bid,2350,5014.626
2024-09-04 17:09:10,ETHUSDT,bid,2370,4343.927
2024-09-04 17:09:26,ETHUSDT,bid,2370,4342.537
2024-09-04 17:10:24,ETHUSDT,bid,2350,5019.626
2024-09-04 17:10:44,ETHUSDT,bid,2370,4343.037
2024-09-04 17:11:19,ETHUSDT,bid,2370,4341.853
2024-09-04 17:12:28,ETHUSDT,bid,2330,4606.764
2024-09-04 17:12:52,ETHUSDT,bid,2350,5019.636
2024-09-04 17:13:00,ETHUSDT,bid,2330,4606.335
2024-09-04 17:13:00,ETHUSDT,bid,2350,5019.211
2024-09-04 17:13:00,ETHUSDT,bid,2370,4341.432
2024-09-04 17:13:04,ETHUSDT,bid,2370,4341.669
2024-09-04 17:13:05,ETHUSDT,bid,2330,4608.453
2024-09-04 17:13:13,ETHUSDT,bid,2370,4346.682
2024-09-04 17:13:19,ETHUSDT,bid,2350,5018.987
2024-09-04 17:13:19,ETHUSDT,bid,2370,4346.445
2024-09-04 17:13:25,ETHUSDT,bid,2330,4610.537
2024-09-04 17:13:28,ETHUSDT,bid,2370,4341.432
2024-09-04 17:13:30,ETHUSDT,bid,2350,5019.627
2024-09-04 17:13:31,ETHUSDT,bid,2370,4341.669
2024-09-04 17:13:38,ETHUSDT,bid,2350,5019.712
2024-09-04 17:14:18,ETHUSDT,bid,2350,5019.924
2024-09-04 17:14:38,ETHUSDT,bid,2370,4341.569
2024-09-04 17:15:11,ETHUSDT,bid,2350,5019.499
2024-09-04 17:15:22,ETHUSDT,bid,2370,4342.702
2024-09-04 17:16:16,ETHUSDT,bid,2350,5022.567
2024-09-04 17:16:18,ETHUSDT,bid,2200,4549.432
2024-09-04 17:16:25,ETHUSDT,bid,2350,5020.567
2024-09-04 17:16:42,ETHUSDT,bid,2370,4343.161
2024-09-04 17:16:46,ETHUSDT,bid,2350,5022.567
2024-09-04 17:16:58,ETHUSDT,bid,2370,4343.661
2024-09-04 17:17:12,ETHUSDT,bid,2350,5023.067
2024-09-04 17:17:13,ETHUSDT,bid,2370,4343.536
2024-09-04 17:17:45,ETHUSDT,bid,2350,5023.051
2024-09-04 17:18:07,ETHUSDT,bid,2350,5023.651
2024-09-04 17:18:37,ETHUSDT,bid,2370,4344.583
2024-09-04 17:18:57,ETHUSDT,bid,2330,4608.453
2024-09-04 17:19:09,ETHUSDT,bid,2350,5023.672
2024-09-04 17:19:15,ETHUSDT,bid,2350,5023.266
2024-09-04 17:19:27,ETHUSDT,bid,2370,4346.692
2024-09-04 17:19:29,ETHUSDT,bid,2350,5023.245
2024-09-04 17:19:39,ETHUSDT,bid,2370,4345.932
2024-09-04 17:20:02,ETHUSDT,bid,2370,4345.569
2024-09-04 17:20:05,ETHUSDT,bid,1960,5313.26
2024-09-04 17:20:21,ETHUSDT,bid,2370,4344.436
2024-09-04 17:20:28,ETHUSDT,bid,1960,5313.015
2024-09-04 17:20:34,ETHUSDT,bid,2330,4617.443
2024-09-04 17:21:09,ETHUSDT,bid,2370,4343.977
2024-09-04 17:21:35,ETHUSDT,bid,2200,4549.205
2024-09-04 17:21:38,ETHUSDT,bid,2350,5123.245
2024-09-04 17:21:57,ETHUSDT,bid,2350,5123.445
2024-09-04 17:22:02,ETHUSDT,bid,2220,4504.1
2024-09-04 17:22:06,ETHUSDT,bid,2330,4617.138
2024-09-04 17:22:07,ETHUSDT,bid,2330,4617.175
2024-09-04 17:22:12,ETHUSDT,bid,2370,4343.987
2024-09-04 17:22:16,ETHUSDT,bid,2350,5123.455
2024-09-04 17:22:18,ETHUSDT,bid,2370,4344.087
2024-09-04 17:22:22,ETHUSDT,bid,2350,5114.944
2024-09-04 17:22:23,ETHUSDT,bid,2370,4343.987
2024-09-04 17:22:31,ETHUSDT,ask,2990,3466.174
2024-09-04 17:22:34,ETHUSDT,bid,2330,4617.102
2024-09-04 17:22:34,ETHUSDT,bid,2350,5114.872
2024-09-04 17:22:34,ETHUSDT,bid,2370,4343.915
2024-09-04 17:23:05,ETHUSDT,bid,2370,4344.415
2024-09-04 17:23:05,ETHUSDT,bid,2370,4344.465
2024-09-04 17:23:08,ETHUSDT,bid,2350,5114.972
2024-09-04 17:23:13,ETHUSDT,bid,2350,5114.93
2024-09-04 17:23:27,ETHUSDT,bid,2350,5114.792
2024-09-04 17:23:39,ETHUSDT,bid,2350,5117.792
2024-09-04 17:23:39,ETHUSDT,bid,2350,5122.041
2024-09-04 17:23:45,ETHUSDT,ask,2990,3452.777
2024-09-04 17:23:46,ETHUSDT,bid,2350,5122.253
2024-09-04 17:23:51,ETHUSDT,bid,2330,4617.111
2024-09-04 17:23:51,ETHUSDT,bid,2350,5122.262
2024-09-04 17:23:51,ETHUSDT,bid,2370,4344.474
2024-09-04 17:24:01,ETHUSDT,bid,2370,4344.483
2024-09-04 17:24:03,ETHUSDT,bid,2350,5122.468
2024-09-04 17:24:07,ETHUSDT,bid,2350,5122.527
2024-09-04 17:24:10,ETHUSDT,bid,2370,4344.472
2024-09-04 17:24:13,ETHUSDT,bid,2350,5122.536
2024-09-04 17:24:15,ETHUSDT,bid,2330,4616.897
2024-09-04 17:24:22,ETHUSDT,bid,2350,5123.68
2024-09-04 17:24:26,ETHUSDT,bid,2330,4616.906
2024-09-04 17:24:39,ETHUSDT,bid,2330,4617.537
2024-09-04 17:24:39,ETHUSDT,bid,2350,5119.431
2024-09-04 17:24:50,ETHUSDT,bid,2350,5119.442
2024-09-04 17:24:55,ETHUSDT,bid,2330,4618.537
2024-09-04 17:24:57,ETHUSDT,bid,2350,5119.526
2024-09-04 17:25:00,ETHUSDT,bid,2350,5119.484
2024-09-04 17:25:04,ETHUSDT,bid,2370,4346.472
2024-09-04 17:25:15,ETHUSDT,bid,2350,5121.484
2024-09-04 17:25:19,ETHUSDT,bid,2330,4619.037
2024-09-04 17:25:25,ETHUSDT,bid,2330,4621.037
2024-09-04 17:25:27,ETHUSDT,bid,2350,5101.484
2024-09-04 17:25:34,ETHUSDT,bid,2140,4940.133
2024-09-04 17:25:34,ETHUSDT,bid,2330,4621.056
2024-09-04 17:25:34,ETHUSDT,bid,2350,5101.503
2024-09-04 17:25:34,ETHUSDT,bid,2370,4346.491
2024-09-04 17:25:34,ETHUSDT,ask,2670,3797.012
2024-09-04 17:25:38,ETHUSDT,bid,2330,4619.056
2024-09-04 17:26:23,ETHUSDT,bid,2370,4346.72
2024-09-04 17:26:24,ETHUSDT,bid,2350,5101.516
2024-09-04 17:26:25,ETHUSDT,bid,2230,4488.998
2024-09-04 17:26:35,ETHUSDT,bid,2330,4616.056
2024-09-04 17:26:44,ETHUSDT,bid,2230,4488.597
2024-09-04 17:27:41,ETHUSDT,bid,2230,4488.547
2024-09-04 17:27:47,ETHUSDT,bid,2350,5111.516
2024-09-04 17:27:54,ETHUSDT,bid,2350,5110.516
2024-09-04 17:27:56,ETHUSDT,bid,2350,5109.516
2024-09-04 17:28:02,ETHUSDT,bid,2230,4488.597
2024-09-04 17:28:42,ETHUSDT,bid,2370,4355.158
2024-09-04 17:29:02,ETHUSDT,bid,2350,5111.643
2024-09-04 17:29:08,ETHUSDT,bid,2330,4615.729
2024-09-04 17:29:14,ETHUSDT,bid,2350,5111.661
2024-09-04 17:29:46,ETHUSDT,bid,2330,4615.099
2024-09-04 17:29:46,ETHUSDT,bid,2350,5111.343
2024-09-04 17:30:04,ETHUSDT,bid,2370,4354.373
2024-09-04 17:30:05,ETHUSDT,bid,2330,4615.09
2024-09-04 17:30:05,ETHUSDT,bid,2350,5111.334
2024-09-04 17:30:05,ETHUSDT,bid,2370,4354.364
2024-09-04 17:30:26,ETHUSDT,bid,2350,5116.334
2024-09-04 17:30:36,ETHUSDT,bid,2350,5101.334
2024-09-04 17:30:36,ETHUSDT,bid,2350,5122.582
2024-09-04 17:30:38,ETHUSDT,bid,2350,5152.329
2024-09-04 17:31:43,ETHUSDT,bid,2350,5150.329
2024-09-04 17:32:04,ETHUSDT,bid,2350,5150.311
2024-09-04 17:33:02,ETHUSDT,bid,2330,4615.177
2024-09-04 17:33:02,ETHUSDT,bid,2350,5150.398
2024-09-04 17:33:02,ETHUSDT,bid,2370,4354.45
2024-09-04 17:33:17,ETHUSDT,bid,2350,5183.163
2024-09-04 17:33:35,ETHUSDT,bid,2200,6499.957
2024-09-04 17:33:46,ETHUSDT,bid,2350,5183.142
2024-09-04 17:33:52,ETHUSDT,bid,2350,5180.079
2024-09-04 17:34:33,ETHUSDT,bid,2350,5180.04
2024-09-04 17:35:11,ETHUSDT,bid,2350,5179.866
2024-09-04 17:35:18,ETHUSDT,bid,2350,5179.876
2024-09-04 17:35:26,ETHUSDT,bid,2330,4615.229
2024-09-04 17:35:37,ETHUSDT,bid,2350,5158.628
2024-09-04 17:35:38,ETHUSDT,bid,2350,5128.881
2024-09-04 17:35:59,ETHUSDT,bid,2350,5128.932
2024-09-04 17:36:02,ETHUSDT,bid,2350,5125.954
2024-09-04 17:36:17,ETHUSDT,bid,2350,5126.379
2024-09-04 17:37:43,ETHUSDT,bid,2370,4354.55
2024-09-04 17:38:06,ETHUSDT,bid,2350,5126.388
2024-09-04 17:38:44,ETHUSDT,bid,2330,4613.111
2024-09-04 17:39:19,ETHUSDT,bid,2370,4354.65
2024-09-04 17:39:51,ETHUSDT,bid,2350,5126.424
2024-09-04 17:41:04,ETHUSDT,bid,2350,5126.485
2024-09-04 17:41:29,ETHUSDT,bid,2350,5126.424
2024-09-04 17:41:32,ETHUSDT,bid,2350,5129.487
2024-09-04 17:41:41,ETHUSDT,bid,2350,5129.434
2024-09-04 17:42:50,ETHUSDT,bid,2350,5126.434
2024-09-04 17:43:06,ETHUSDT,bid,2370,4368.556
2024-09-04 17:43:20,ETHUSDT,bid,2370,4354.65
2024-09-04 17:43:45,ETHUSDT,bid,2370,4354.55
2024-09-04 17:43:52,ETHUSDT,bid,2230,4489.597
2024-09-04 17:44:00,ETHUSDT,bid,2230,4488.597
2024-09-04 17:44:08,ETHUSDT,bid,2350,5127.101
2024-09-04 17:44:33,ETHUSDT,bid,2370,4354.559
2024-09-04 17:44:36,ETHUSDT,bid,2350,5127.086
2024-09-04 17:44:36,ETHUSDT,bid,2370,4354.544
2024-09-04 17:44:37,ETHUSDT,bid,2350,5127.097
2024-09-04 17:44:40,ETHUSDT,bid,2350,5127.18
2024-09-04 17:45:16,ETHUSDT,bid,2330,4623.84
2024-09-04 17:45:34,ETHUSDT,bid,2350,5127.17
2024-09-04 17:45:34,ETHUSDT,bid,2370,4354.534
2024-09-04 17:46:29,ETHUSDT,bid,2350,5127.087
2024-09-04 17:46:40,ETHUSDT,bid,2370,4354.434
2024-09-04 17:47:37,ETHUSDT,bid,2370,4354.444
2024-09-04 17:47:48,ETHUSDT,bid,2350,5127.097
2024-09-04 17:47:58,ETHUSDT,bid,2370,4359.444
2024-09-04 17:48:10,ETHUSDT,bid,2350,5127.272
2024-09-04 17:48:26,ETHUSDT,bid,2350,5127.281
2024-09-04 17:48:29,ETHUSDT,bid,2350,5127.272
2024-09-04 17:48:45,ETHUSDT,bid,2370,4358.582
2024-09-04 17:49:09,ETHUSDT,bid,2350,5127.282
2024-09-04 17:49:11,ETHUSDT,bid,2350,5127.686
2024-09-04 17:49:13,ETHUSDT,bid,2370,4361.582
2024-09-04 17:49:16,ETHUSDT,bid,2330,4624.046
2024-09-04 17:49:22,ETHUSDT,bid,2330,4624.441
2024-09-04 17:49:32,ETHUSDT,bid,2330,4624.428
2024-09-04 17:49:39,ETHUSDT,bid,2370,4362.488
2024-09-04 17:49:39,ETHUSDT,bid,2350,5125.583
2024-09-04 17:49:44,ETHUSDT,bid,2350,5125.974
2024-09-04 17:49:55,ETHUSDT,bid,2350,5125.958
2024-09-04 17:50:02,ETHUSDT,bid,2370,4361.441
2024-09-04 17:50:03,ETHUSDT,bid,2350,5128.958
2024-09-04 17:50:30,ETHUSDT,bid,2350,5128.999
2024-09-04 17:50:38,ETHUSDT,bid,2370,4361.471
2024-09-04 17:50:42,ETHUSDT,bid,2350,5129.362
2024-09-04 17:50:48,ETHUSDT,bid,2350,5130.642
2024-09-04 17:50:53,ETHUSDT,bid,2370,4361.643
2024-09-04 17:51:07,ETHUSDT,bid,2370,4361.471
2024-09-04 17:51:19,ETHUSDT,bid,2370,4361.461
2024-09-04 17:51:25,ETHUSDT,bid,2330,4625.095
2024-09-04 17:51:35,ETHUSDT,bid,2370,4360.555
2024-09-04 17:51:44,ETHUSDT,bid,2350,5130.692
2024-09-04 17:51:47,ETHUSDT,bid,2370,4360.824
2024-09-04 17:51:57,ETHUSDT,bid,2370,4361.495
2024-09-04 17:52:16,ETHUSDT,bid,2370,4361.341
2024-09-04 17:52:30,ETHUSDT,bid,2330,4625.111
2024-09-04 17:52:30,ETHUSDT,bid,2350,5130.708
2024-09-04 17:52:30,ETHUSDT,bid,2370,4361.357
2024-09-04 17:52:38,ETHUSDT,bid,2350,5130.908
2024-09-04 17:52:43,ETHUSDT,bid,2370,4361.63
2024-09-04 17:53:33,ETHUSDT,bid,2350,5130.799
2024-09-04 17:53:36,ETHUSDT,bid,2330,4625.036
2024-09-04 17:53:43,ETHUSDT,bid,2330,4625.012
2024-09-04 17:53:43,ETHUSDT,bid,2350,5130.775
2024-09-04 17:53:43,ETHUSDT,bid,2370,4361.606
2024-09-04 17:53:48,ETHUSDT,bid,2350,5098.01
2024-09-04 17:53:55,ETHUSDT,bid,2350,5098.02
2024-09-04 17:54:02,ETHUSDT,bid,2370,4361.53
2024-09-04 17:54:07,ETHUSDT,bid,2350,5096.02
2024-09-04 17:54:10,ETHUSDT,bid,2370,4361.74
2024-09-04 17:54:31,ETHUSDT,bid,2350,5096.079
2024-09-04 17:54:32,ETHUSDT,bid,2350,5105.603
2024-09-04 17:54:34,ETHUSDT,bid,2330,4645.012
2024-09-04 17:54:35,ETHUSDT,bid,2350,5096.079
2024-09-04 17:54:36,ETHUSDT,bid,2350,5094.799
2024-09-04 17:54:38,ETHUSDT,bid,2330,4652.229
2024-09-04 17:54:40,ETHUSDT,bid,2350,5099.048
2024-09-04 17:54:41,ETHUSDT,bid,2350,5083.442
2024-09-04 17:54:49,ETHUSDT,bid,2350,5085.569
2024-09-04 17:54:49,ETHUSDT,bid,2350,5085.357
2024-09-04 17:55:01,ETHUSDT,bid,2330,4654.374
2024-09-04 17:55:40,ETHUSDT,bid,2350,5081.108
2024-09-04 17:55:44,ETHUSDT,bid,2350,5078.04
2024-09-04 17:55:47,ETHUSDT,bid,2350,5078.049
2024-09-04 17:55:50,ETHUSDT,bid,2350,5076.934
2024-09-04 17:56:12,ETHUSDT,bid,2350,5076.875
2024-09-04 17:57:12,ETHUSDT,bid,2330,4654.181
2024-09-04 17:57:14,ETHUSDT,bid,2330,4653.786
2024-09-04 17:57:14,ETHUSDT,bid,2350,5076.471
2024-09-04 17:57:23,ETHUSDT,bid,2330,4654.922
2024-09-04 17:57:44,ETHUSDT,bid,2370,4362.142
2024-09-04 17:57:59,ETHUSDT,bid,2330,4654.964
2024-09-04 17:58:08,ETHUSDT,bid,2350,5076.513
2024-09-04 17:59:02,ETHUSDT,bid,2370,4362.559
2024-09-04 17:59:34,ETHUSDT,bid,2350,5076.558
2024-09-04 17:59:37,ETHUSDT,bid,2350,5078.058
2024-09-04 18:00:17,ETHUSDT,bid,2350,5087.582
2024-09-04 18:00:33,ETHUSDT,bid,2370,4364.453
2024-09-04 18:01:51,ETHUSDT,bid,2330,4655.064
2024-09-04 18:02:08,ETHUSDT,bid,2330,4653.467
2024-09-04 18:02:15,ETHUSDT,bid,2370,4365.453
2024-09-04 18:02:31,ETHUSDT,bid,2350,5087.219
2024-09-04 18:02:48,ETHUSDT,bid,2330,4709.677
2024-09-04 18:02:52,ETHUSDT,bid,2350,5087.073
2024-09-04 18:03:02,ETHUSDT,bid,2370,4365.036
2024-09-04 18:03:13,ETHUSDT,ask,2670,3797.003
2024-09-04 18:03:32,ETHUSDT,bid,2350,5087.053
2024-09-04 18:03:32,ETHUSDT,bid,2370,4365.026
2024-09-04 18:03:58,ETHUSDT,bid,2350,5088.47
2024-09-04 18:04:52,ETHUSDT,bid,2370,4365.031
2024-09-04 18:04:59,ETHUSDT,bid,2350,5088.475
2024-09-04 18:05:01,ETHUSDT,bid,2370,4366.365
2024-09-04 18:05:14,ETHUSDT,bid,2350,5088.175
2024-09-04 18:05:26,ETHUSDT,bid,2350,5091.9
2024-09-04 18:05:35,ETHUSDT,bid,2350,5088.8
2024-09-04 18:06:40,ETHUSDT,bid,2330,4709.463
2024-09-04 18:06:51,ETHUSDT,bid,2350,5089.8
2024-09-04 18:06:51,ETHUSDT,bid,2210,4525.557
2024-09-04 18:07:01,ETHUSDT,bid,2070,9667.072
2024-09-04 18:07:16,ETHUSDT,bid,2370,4366.419
2024-09-04 18:07:17,ETHUSDT,bid,2370,4369.8
2024-09-04 18:07:21,ETHUSDT,bid,2330,4709.063
2024-09-04 18:07:29,ETHUSDT,bid,2370,4369.3
2024-09-04 18:08:01,ETHUSDT,bid,2350,5089.5
2024-09-04 18:08:11,ETHUSDT,bid,2370,4369.8
2024-09-04 18:08:17,ETHUSDT,bid,2330,4710.493
2024-09-04 18:08:20,ETHUSDT,bid,2350,5090.138
2024-09-04 18:08:39,ETHUSDT,bid,2370,4369.59
2024-09-04 18:08:58,ETHUSDT,bid,2370,4369.626
2024-09-04 18:09:01,ETHUSDT,bid,2370,4369.59
2024-09-04 18:10:37,ETHUSDT,bid,2330,4711.493
2024-09-04 18:11:06,ETHUSDT,bid,2350,5090.311
2024-09-04 18:11:20,ETHUSDT,bid,2370,4369.91
2024-09-04 18:11:58,ETHUSDT,bid,2330,4715.781
2024-09-04 18:12:20,ETHUSDT,bid,2370,4369.641
2024-09-04 18:12:39,ETHUSDT,bid,2350,5090.138
2024-09-04 18:13:00,ETHUSDT,bid,2350,5090.205
2024-09-04 18:14:12,ETHUSDT,bid,2350,5090.332
2024-09-04 18:14:13,ETHUSDT,bid,2350,5090.342
2024-09-04 18:14:35,ETHUSDT,bid,2370,4369.767
2024-09-04 18:14:37,ETHUSDT,bid,2350,5090.427
2024-09-04 18:15:13,ETHUSDT,bid,2330,4714.645
2024-09-04 18:15:15,ETHUSDT,bid,2350,5090.437
2024-09-04 18:16:53,ETHUSDT,bid,2350,5089.238
2024-09-04 18:16:55,ETHUSDT,bid,2370,4369.894
2024-09-04 18:17:01,ETHUSDT,bid,2370,4369.914
2024-09-04 18:17:02,ETHUSDT,bid,2330,4718.936
2024-09-04 18:17:07,ETHUSDT,bid,2370,4369.944
2024-09-04 18:17:12,ETHUSDT,bid,2370,4369.924
2024-09-04 18:17:14,ETHUSDT,bid,2330,4714.645
2024-09-04 18:17:15,ETHUSDT,bid,2350,5101.989
2024-09-04 18:17:35,ETHUSDT,bid,2330,4714.696
2024-09-04 18:17:36,ETHUSDT,bid,2210,4536.838
2024-09-04 18:17:46,ETHUSDT,bid,2350,5101.889
2024-09-04 18:17:47,ETHUSDT,bid,2370,4372.172
2024-09-04 18:18:42,ETHUSDT,bid,2350,5102.096
2024-09-04 18:18:50,ETHUSDT,bid,2350,5097.096
2024-09-04 18:18:57,ETHUSDT,bid,2370,4373.121
2024-09-04 18:19:01,ETHUSDT,bid,2350,5097.07
2024-09-04 18:19:13,ETHUSDT,bid,2350,5097.188
2024-09-04 18:20:42,ETHUSDT,bid,1960,5319.647
2024-09-04 18:21:28,ETHUSDT,bid,2350,5097.688
2024-09-04 18:21:57,ETHUSDT,bid,2370,4370.873
2024-09-04 18:22:03,ETHUSDT,bid,2350,5097.476
2024-09-04 18:22:08,ETHUSDT,bid,2370,4373.679
2024-09-04 18:22:15,ETHUSDT,bid,2350,5084.725
2024-09-04 18:23:34,ETHUSDT,bid,2370,4370.515
2024-09-04 18:23:43,ETHUSDT,bid,2350,5083.361
2024-09-04 18:24:04,ETHUSDT,bid,2350,5084.097
2024-09-04 18:24:36,ETHUSDT,bid,2350,5080.372
2024-09-04 18:25:07,ETHUSDT,bid,2350,5080.352
2024-09-04 18:26:28,ETHUSDT,bid,2350,5081.352
2024-09-04 18:26:42,ETHUSDT,bid,2350,5081.316
2024-09-04 18:26:56,ETHUSDT,bid,2370,4370.557
2024-09-04 18:27:09,ETHUSDT,bid,2350,5078.762
2024-09-04 18:27:22,ETHUSDT,bid,2330,4700.008
2024-09-04 18:28:14,ETHUSDT,bid,2330,4643.798
2024-09-04 18:28:18,ETHUSDT,bid,2370,4371.787
2024-09-04 18:31:51,ETHUSDT,bid,2350,5075.762
2024-09-04 18:32:16,ETHUSDT,bid,2350,5075.55
2024-09-04 18:32:22,ETHUSDT,bid,2370,4370.838
2024-09-04 18:32:33,ETHUSDT,bid,2330,4642.798
2024-09-04 18:33:25,ETHUSDT,bid,2330,4643.098
2024-09-04 18:33:29,ETHUSDT,bid,2330,4645.098
2024-09-04 18:33:38,ETHUSDT,bid,2330,4643.098
2024-09-04 18:33:55,ETHUSDT,bid,2350,5075.483
2024-09-04 18:33:56,ETHUSDT,bid,2370,4365.629
2024-09-04 18:34:10,ETHUSDT,bid,2330,4638.163
2024-09-04 18:34:59,ETHUSDT,bid,2370,4365.227
2024-09-04 18:35:03,ETHUSDT,bid,2330,4638.552
2024-09-04 18:35:36,ETHUSDT,bid,2370,4365.237
2024-09-04 18:36:12,ETHUSDT,bid,2330,4638.567
2024-09-04 18:37:22,ETHUSDT,bid,2370,4365.247
2024-09-04 18:37:28,ETHUSDT,bid,2370,4365.415
2024-09-04 18:37:36,ETHUSDT,bid,2370,4365.405
2024-09-04 18:38:15,ETHUSDT,bid,2370,4365.464
2024-09-04 18:38:22,ETHUSDT,bid,2370,4367.692
2024-09-04 18:39:15,ETHUSDT,bid,1700,6047.235
2024-09-04 18:39:20,ETHUSDT,bid,2350,5075.271
2024-09-04 18:39:45,ETHUSDT,bid,2350,5083.782
2024-09-04 18:40:24,ETHUSDT,bid,2330,4639.232
2024-09-04 18:40:35,ETHUSDT,bid,2370,4368.628
2024-09-04 18:40:35,ETHUSDT,bid,2200,4549.25
2024-09-04 18:40:49,ETHUSDT,bid,2350,5083.791
2024-09-04 18:41:34,ETHUSDT,bid,2200,4549.182
2024-09-04 18:41:54,ETHUSDT,bid,2350,5083.833
2024-09-04 18:41:57,ETHUSDT,bid,2140,4940.029
2024-09-04 18:41:57,ETHUSDT,bid,2330,4639.137
2024-09-04 18:41:57,ETHUSDT,bid,2350,5083.739
2024-09-04 18:41:57,ETHUSDT,bid,2370,4368.534
2024-09-04 18:41:57,ETHUSDT,ask,2670,3796.92
2024-09-04 18:42:04,ETHUSDT,bid,2330,4639.071
2024-09-04 18:42:04,ETHUSDT,bid,2350,5083.674
2024-09-04 18:42:04,ETHUSDT,bid,2370,4368.47
2024-09-04 18:42:09,ETHUSDT,bid,2140,9428.376
2024-09-04 18:42:09,ETHUSDT,bid,2370,4368.438
2024-09-04 18:42:20,ETHUSDT,bid,2330,4634.071
2024-09-04 18:42:36,ETHUSDT,bid,2200,4549.114
2024-09-04 18:42:41,ETHUSDT,bid,2350,5086.674
2024-09-04 18:43:13,ETHUSDT,bid,2200,4549.159
2024-09-04 18:43:31,ETHUSDT,bid,2330,4634.111
2024-09-04 18:43:37,ETHUSDT,bid,2350,5086.174
2024-09-04 18:43:46,ETHUSDT,bid,2330,4634.071
2024-09-04 18:44:26,ETHUSDT,bid,2330,4634.123
2024-09-04 18:45:23,ETHUSDT,bid,2350,5087.13
2024-09-04 18:45:46,ETHUSDT,bid,2370,4370.836
2024-09-04 18:46:01,ETHUSDT,bid,2330,4633.996
2024-09-04 18:47:57,ETHUSDT,bid,2330,4632.996
2024-09-04 18:48:02,ETHUSDT,bid,2330,4631.566
2024-09-04 18:48:10,ETHUSDT,bid,2350,5087.555
2024-09-04 18:48:52,ETHUSDT,bid,2350,5088.555
2024-09-04 18:49:07,ETHUSDT,bid,2370,4368.608
2024-09-04 18:49:13,ETHUSDT,bid,2370,4391.392
2024-09-04 18:49:22,ETHUSDT,bid,2350,5088.729
2024-09-04 18:49:31,ETHUSDT,bid,2140,4938.029
2024-09-04 18:50:07,ETHUSDT,bid,2370,4391.088
2024-09-04 18:50:23,ETHUSDT,bid,2350,5088.713
2024-09-04 18:51:12,ETHUSDT,bid,2350,5086.658
2024-09-04 18:51:21,ETHUSDT,bid,1960,5319.662
2024-09-04 18:52:09,ETHUSDT,bid,2330,4627.278
2024-09-04 18:52:12,ETHUSDT,bid,2330,4627.21
2024-09-04 18:52:20,ETHUSDT,bid,2350,5086.646
2024-09-04 18:52:43,ETHUSDT,bid,2350,5077.122
2024-09-04 18:52:56,ETHUSDT,bid,2350,5090.696
2024-09-04 18:53:16,ETHUSDT,bid,2350,5090.759
2024-09-04 18:53:27,ETHUSDT,bid,2350,5089.696
2024-09-04 18:54:19,ETHUSDT,bid,2370,4391.354
2024-09-04 18:54:21,ETHUSDT,bid,2350,5090.121
2024-09-04 18:54:22,ETHUSDT,bid,2350,5090.227
2024-09-04 18:54:44,ETHUSDT,bid,2370,4391.088
2024-09-04 18:55:22,ETHUSDT,bid,2350,5090.186
2024-09-04 18:55:27,ETHUSDT,bid,2370,4404.873
2024-09-04 18:55:27,ETHUSDT,bid,2370,4432.443
2024-09-04 18:55:29,ETHUSDT,bid,2370,4446.228
2024-09-04 18:55:29,ETHUSDT,bid,2370,4473.798
2024-09-04 18:55:54,ETHUSDT,bid,2370,4473.831
2024-09-04 18:56:16,ETHUSDT,bid,2330,4627.261
2024-09-04 18:56:36,ETHUSDT,bid,2350,5109.309
2024-09-04 18:57:00,ETHUSDT,bid,2370,4473.917
2024-09-04 18:57:04,ETHUSDT,bid,2350,5115.357
2024-09-04 18:57:13,ETHUSDT,bid,2330,4627.176
2024-09-04 18:57:14,ETHUSDT,bid,2210,4536.422
2024-09-04 18:57:26,ETHUSDT,bid,2370,4460.132
2024-09-04 18:57:31,ETHUSDT,bid,2370,4446.347
2024-09-04 18:57:35,ETHUSDT,bid,2370,4418.777
2024-09-04 18:57:35,ETHUSDT,bid,2370,4391.207
2024-09-04 18:58:15,ETHUSDT,bid,2350,5115.346
2024-09-04 18:58:18,ETHUSDT,bid,2370,4391.08
2024-09-04 18:59:22,ETHUSDT,bid,2370,4382.642
2024-09-04 18:59:24,ETHUSDT,bid,2370,4383.427
2024-09-04 18:59:42,ETHUSDT,bid,2370,4385.905
2024-09-04 19:00:08,ETHUSDT,bid,2350,5115.844
2024-09-04 19:00:14,ETHUSDT,bid,2330,4627.625
2024-09-04 19:00:23,ETHUSDT,bid,2350,5116.013
2024-09-04 19:00:23,ETHUSDT,bid,2370,4385.737
2024-09-04 19:00:35,ETHUSDT,bid,2330,4627.833
2024-09-04 19:00:42,ETHUSDT,bid,2350,5115.013
2024-09-04 19:00:45,ETHUSDT,bid,2350,5116.277
2024-09-04 19:00:52,ETHUSDT,bid,2350,5097.154
2024-09-04 19:00:55,ETHUSDT,bid,2350,5097.454
2024-09-04 19:00:58,ETHUSDT,bid,2350,5096.19
2024-09-04 19:01:27,ETHUSDT,bid,2350,5096.164
2024-09-04 19:02:06,ETHUSDT,bid,2350,5096.185
2024-09-04 19:02:46,ETHUSDT,bid,2350,5098.294
2024-09-04 19:03:01,ETHUSDT,bid,2350,5096.185
2024-09-04 19:04:14,ETHUSDT,bid,2330,4627.897
2024-09-04 19:04:21,ETHUSDT,bid,2350,5090.137
2024-09-04 19:04:24,ETHUSDT,bid,2350,5090.337
2024-09-04 19:04:45,ETHUSDT,bid,2350,5090.411
2024-09-04 19:05:01,ETHUSDT,bid,2350,5090.337
2024-09-04 19:05:08,ETHUSDT,bid,2350,5081.146
2024-09-04 19:05:12,ETHUSDT,bid,2330,4628.097
2024-09-04 19:05:35,ETHUSDT,bid,2350,5081.292
2024-09-04 19:05:57,ETHUSDT,bid,2370,4385.837
2024-09-04 19:06:23,ETHUSDT,bid,2350,5081.092
2024-09-04 19:07:24,ETHUSDT,bid,2350,5081.304
2024-09-04 19:07:36,ETHUSDT,bid,2350,5080.568
2024-09-04 19:07:44,ETHUSDT,bid,2370,4385.862
2024-09-04 19:08:10,ETHUSDT,bid,2350,5080.876
2024-09-04 19:08:44,ETHUSDT,bid,2350,5080.776
2024-09-04 19:09:18,ETHUSDT,bid,2350,5079.863
2024-09-04 19:09:40,ETHUSDT,bid,2140,9428.354
2024-09-04 19:09:54,ETHUSDT,bid,2350,5063.863
2024-09-04 19:09:59,ETHUSDT,bid,2370,4385.625
2024-09-04 19:10:01,ETHUSDT,bid,2350,5064.51
2024-09-04 19:10:09,ETHUSDT,bid,2350,5066.51
2024-09-04 19:10:14,ETHUSDT,bid,2350,5064.51
2024-09-04 19:10:56,ETHUSDT,bid,2350,5064.501
2024-09-04 19:11:09,ETHUSDT,bid,2370,4386.125
2024-09-04 19:11:18,ETHUSDT,bid,2330,4628.267
2024-09-04 19:12:42,ETHUSDT,bid,2370,4386.335
2024-09-04 19:12:47,ETHUSDT,bid,2350,5067.295
2024-09-04 19:12:57,ETHUSDT,bid,2370,4385.55
2024-09-04 19:12:59,ETHUSDT,bid,2350,5067.361
2024-09-04 19:12:59,ETHUSDT,bid,2330,4632.267
2024-09-04 19:13:09,ETHUSDT,bid,2350,5064.567
2024-09-04 19:13:49,ETHUSDT,bid,2370,4385.972
2024-09-04 19:13:53,ETHUSDT,bid,2370,4385.55
2024-09-04 19:14:03,ETHUSDT,bid,2140,4937.851
2024-09-04 19:14:13,ETHUSDT,bid,2370,4385.044
2024-09-04 19:14:15,ETHUSDT,bid,2370,4398.829
2024-09-04 19:14:24,ETHUSDT,bid,2350,5064.75
2024-09-04 19:14:26,ETHUSDT,bid,2330,4632.303
2024-09-04 19:14:29,ETHUSDT,bid,2350,5066.841
2024-09-04 19:14:40,ETHUSDT,bid,2350,5066.863
2024-09-04 19:14:41,ETHUSDT,bid,2350,5066.873
2024-09-04 19:15:08,ETHUSDT,bid,2330,4632.313
2024-09-04 19:15:18,ETHUSDT,bid,2350,5064.782
2024-09-04 19:15:22,ETHUSDT,bid,2370,4385.044
2024-09-04 19:15:31,ETHUSDT,bid,2370,4382.044
2024-09-04 19:15:37,ETHUSDT,bid,2330,4612.313
2024-09-04 19:15:59,ETHUSDT,bid,2330,4632.313
2024-09-04 19:16:18,ETHUSDT,bid,2220,4517.558
2024-09-04 19:16:50,ETHUSDT,bid,2350,5064.682
2024-09-04 19:17:03,ETHUSDT,bid,2140,4937.872
2024-09-04 19:17:14,ETHUSDT,bid,2200,6499.73
2024-09-04 19:17:39,ETHUSDT,bid,2350,5074.682
2024-09-04 19:17:48,ETHUSDT,bid,2070,9667.723
2024-09-04 19:18:07,ETHUSDT,bid,2370,4382.025
2024-09-04 19:18:07,ETHUSDT,ask,2670,3796.875
2024-09-04 19:18:12,ETHUSDT,bid,2350,5075.682
2024-09-04 19:18:45,ETHUSDT,bid,2370,4384.582
2024-09-04 19:18:49,ETHUSDT,bid,2330,4633.313
2024-09-04 19:18:58,ETHUSDT,bid,2350,5075.732
2024-09-04 19:19:09,ETHUSDT,bid,2350,5075.848
2024-09-04 19:19:12,ETHUSDT,bid,2350,5076.486
2024-09-04 19:19:24,ETHUSDT,bid,2350,5076.436
2024-09-04 19:19:38,ETHUSDT,bid,2350,5076.246
2024-09-04 19:19:45,ETHUSDT,bid,2140,4937.862
2024-09-04 19:19:45,ETHUSDT,bid,2370,4384.591
2024-09-04 19:20:04,ETHUSDT,bid,2370,4384.601
2024-09-04 19:20:14,ETHUSDT,bid,2350,5076.256
2024-09-04 19:20:27,ETHUSDT,bid,2370,4384.769
2024-09-04 19:21:41,ETHUSDT,bid,2330,4633.269
2024-09-04 19:21:57,ETHUSDT,bid,2330,4634.137
2024-09-04 19:22:21,ETHUSDT,bid,2370,4385.043
2024-09-04 19:22:49,ETHUSDT,bid,2330,4632.769
2024-09-04 19:24:20,ETHUSDT,bid,2350,5077.007
2024-09-04 19:24:31,ETHUSDT,bid,2370,4385.121
2024-09-04 19:25:06,ETHUSDT,bid,2330,4631.64
2024-09-04 19:25:49,ETHUSDT,bid,2350,5077.262
2024-09-04 19:26:06,ETHUSDT,bid,2350,5077.664
2024-09-04 19:26:34,ETHUSDT,bid,2350,5074.101
2024-09-04 19:26:37,ETHUSDT,bid,2350,5074.315
2024-09-04 19:26:39,ETHUSDT,bid,2350,5074.115
2024-09-04 19:30:02,ETHUSDT,bid,2330,4636.64
2024-09-04 19:30:05,ETHUSDT,ask,2590,5818.714
2024-09-04 19:30:07,ETHUSDT,bid,2350,5073.052
2024-09-04 19:30:15,ETHUSDT,bid,2330,4632.345
2024-09-04 19:30:31,ETHUSDT,bid,2330,4637.345
2024-09-04 19:31:01,ETHUSDT,bid,2350,5079.434
2024-09-04 19:31:29,ETHUSDT,bid,2350,5079.484
2024-09-04 19:31:32,ETHUSDT,bid,2350,5076.484
2024-09-04 19:31:36,ETHUSDT,bid,2330,4638.203
2024-09-04 19:31:45,ETHUSDT,bid,2350,5076.519
2024-09-04 19:31:50,ETHUSDT,bid,2350,5157.939
2024-09-04 19:32:13,ETHUSDT,bid,2370,4384.847
2024-09-04 19:33:21,ETHUSDT,bid,2370,4384.867
2024-09-04 19:33:38,ETHUSDT,bid,2350,5157.924
2024-09-04 19:33:38,ETHUSDT,bid,2370,4384.862
2024-09-04 19:33:41,ETHUSDT,bid,2350,5159.924
2024-09-04 19:34:19,ETHUSDT,bid,2350,5160.294
2024-09-04 19:34:20,ETHUSDT,bid,2350,5162.294
2024-09-04 19:34:42,ETHUSDT,bid,2350,5163.145
2024-09-04 19:34:45,ETHUSDT,bid,2350,5164.145
2024-09-04 19:35:20,ETHUSDT,bid,2350,5165.068
2024-09-04 19:35:57,ETHUSDT,bid,2350,5163.068
2024-09-04 19:36:10,ETHUSDT,bid,2370,4385.574
2024-09-04 19:37:01,ETHUSDT,bid,2070,9668.031
2024-09-04 19:37:36,ETHUSDT,bid,2350,5162.854
2024-09-04 19:37:46,ETHUSDT,bid,2350,5164.354
2024-09-04 19:38:17,ETHUSDT,bid,1960,5319.647
2024-09-04 19:38:28,ETHUSDT,bid,2330,4638.212
2024-09-04 19:38:54,ETHUSDT,bid,2330,4639.577
2024-09-04 19:38:55,ETHUSDT,bid,2350,5164.373
2024-09-04 19:39:13,ETHUSDT,bid,2330,4640.634
2024-09-04 19:39:35,ETHUSDT,bid,2370,4385.584
2024-09-04 19:40:22,ETHUSDT,bid,2350,5163.45
2024-09-04 19:40:48,ETHUSDT,bid,2330,4640.521
2024-09-04 19:41:03,ETHUSDT,bid,2330,4640.533
2024-09-04 19:41:10,ETHUSDT,bid,2370,4384.872
2024-09-04 19:41:26,ETHUSDT,bid,2350,5164.12
2024-09-04 19:41:34,ETHUSDT,bid,2350,5164.111
2024-09-04 19:42:04,ETHUSDT,bid,2370,4385.029
2024-09-04 19:42:05,ETHUSDT,bid,2350,5164.144
2024-09-04 19:42:05,ETHUSDT,bid,2370,4385.062
2024-09-04 19:42:15,ETHUSDT,bid,2370,4383.062
2024-09-04 19:42:17,ETHUSDT,bid,2330,4640.575
2024-09-04 19:42:19,ETHUSDT,bid,2350,5164.093
2024-09-04 19:42:19,ETHUSDT,bid,2370,4380.256
2024-09-04 19:42:33,ETHUSDT,bid,2350,5155.582
2024-09-04 19:42:46,ETHUSDT,bid,2370,4380.099
2024-09-04 19:43:25,ETHUSDT,bid,2370,4380.491
2024-09-04 19:43:38,ETHUSDT,bid,2370,4357.707
2024-09-04 19:43:42,ETHUSDT,bid,2350,5074.162
2024-09-04 19:43:50,ETHUSDT,bid,2370,4378.797
2024-09-04 19:43:50,ETHUSDT,bid,2370,4429.341
2024-09-04 19:43:50,ETHUSDT,bid,2370,4429.884
2024-09-04 19:43:50,ETHUSDT,bid,2330,4636.575
2024-09-04 19:43:58,ETHUSDT,bid,2370,4429.806
2024-09-04 19:45:06,ETHUSDT,bid,2370,4448.765
2024-09-04 19:45:09,ETHUSDT,bid,2350,5073.162
2024-09-04 19:45:38,ETHUSDT,bid,2350,5073.262
2024-09-04 19:45:53,ETHUSDT,bid,2350,5072.762
2024-09-04 19:46:41,ETHUSDT,bid,2330,4636.539
2024-09-04 19:46:47,ETHUSDT,bid,2210,4525.141
2024-09-04 19:47:29,ETHUSDT,bid,2350,5072.772
2024-09-04 19:47:33,ETHUSDT,bid,2330,4636.579
2024-09-04 19:47:45,ETHUSDT,bid,2370,4449.186
2024-09-04 19:47:47,ETHUSDT,bid,2370,4448.643
2024-09-04 19:48:06,ETHUSDT,bid,2350,5072.454
2024-09-04 19:48:20,ETHUSDT,bid,2330,4636.537
2024-09-04 19:48:37,ETHUSDT,bid,2330,4633.249
2024-09-04 19:48:39,ETHUSDT,bid,2370,4398.099
2024-09-04 19:49:16,ETHUSDT,bid,2350,5072.496
2024-09-04 19:49:21,ETHUSDT,bid,2370,4379.14
2024-09-04 19:49:23,ETHUSDT,bid,2350,5073.131
2024-09-04 19:49:55,ETHUSDT,bid,2350,5072.28
2024-09-04 19:50:15,ETHUSDT,bid,2370,4379.16
2024-09-04 19:51:05,ETHUSDT,bid,2350,5073.28
2024-09-04 19:51:05,ETHUSDT,bid,2370,4379.178
2024-09-04 19:51:18,ETHUSDT,bid,2330,4634.249
2024-09-04 19:51:19,ETHUSDT,bid,2370,4378.949
2024-09-04 19:51:31,ETHUSDT,bid,2350,5073.301
2024-09-04 19:51:33,ETHUSDT,bid,2350,5073.332
2024-09-04 19:51:41,ETHUSDT,bid,2330,4633.584
2024-09-04 19:51:47,ETHUSDT,bid,2330,4639.837
2024-09-04 19:52:34,ETHUSDT,bid,2370,4378.899
2024-09-04 19:53:17,ETHUSDT,bid,2330,4639.817
2024-09-04 19:53:17,ETHUSDT,bid,2350,5073.312
2024-09-04 19:53:17,ETHUSDT,bid,2370,4378.879
2024-09-04 19:53:35,ETHUSDT,bid,2370,4357.789
2024-09-04 19:54:06,ETHUSDT,bid,2370,4356.289
2024-09-04 19:54:42,ETHUSDT,bid,2350,5073.328
2024-09-04 19:54:44,ETHUSDT,bid,2330,4639.186
2024-09-04 19:54:47,ETHUSDT,bid,2370,4356.235
2024-09-04 19:54:48,ETHUSDT,bid,2330,4639.13
2024-09-04 19:54:48,ETHUSDT,bid,2330,4639.439
2024-09-04 19:55:12,ETHUSDT,bid,2350,5073.828
2024-09-04 19:55:21,ETHUSDT,bid,2350,5073.84
2024-09-04 19:55:37,ETHUSDT,bid,2350,5073.202
2024-09-04 19:55:42,ETHUSDT,bid,2350,5072.202
2024-09-04 19:55:43,ETHUSDT,bid,2330,4638.074
2024-09-04 19:56:39,ETHUSDT,bid,2350,5472.202
2024-09-04 19:56:41,ETHUSDT,bid,2350,5471.974
2024-09-04 19:56:55,ETHUSDT,bid,2330,4638.104
2024-09-04 19:57:06,ETHUSDT,bid,2350,5472.099
2024-09-04 19:57:21,ETHUSDT,bid,2370,4356.245
2024-09-04 19:57:30,ETHUSDT,bid,2350,5472.109
2024-09-04 19:57:32,ETHUSDT,bid,2370,4362.511
2024-09-04 19:58:24,ETHUSDT,bid,2350,5480.412
2024-09-04 19:58:24,ETHUSDT,bid,2370,4365.511
2024-09-04 19:58:52,ETHUSDT,bid,2330,4637.795
2024-09-04 19:59:02,ETHUSDT,bid,2370,4359.245
2024-09-04 19:59:03,ETHUSDT,bid,2350,5480.327
2024-09-04 19:59:08,ETHUSDT,bid,2370,4359.554
2024-09-04 19:59:09,ETHUSDT,bid,2350,5493.217
2024-09-04 19:59:17,ETHUSDT,bid,2350,5493.259
2024-09-04 19:59:25,ETHUSDT,bid,2350,5493.279
2024-09-04 19:59:29,ETHUSDT,bid,2350,5492.528
2024-09-04 19:59:42,ETHUSDT,bid,2350,5492.56
2024-09-04 20:00:00,ETHUSDT,bid,2330,4638.074
2024-09-04 20:00:02,ETHUSDT,bid,2330,4637.074
2024-09-04 20:00:05,ETHUSDT,bid,1700,6047.535
2024-09-04 20:00:25,ETHUSDT,bid,2350,5484.257
2024-09-04 20:00:45,ETHUSDT,bid,2350,5484.299
2024-09-04 20:01:11,ETHUSDT,bid,2370,4359.754
2024-09-04 20:01:56,ETHUSDT,bid,2370,4361.476
2024-09-04 20:02:04,ETHUSDT,bid,1700,6046.947
2024-09-04 20:02:34,ETHUSDT,bid,2140,9428.654
2024-09-04 20:02:49,ETHUSDT,bid,2370,4363.989
2024-09-04 20:03:26,ETHUSDT,bid,2350,5535.273
2024-09-04 20:03:32,ETHUSDT,bid,2370,4364.01
2024-09-04 20:03:35,ETHUSDT,bid,2370,4363.81
2024-09-04 20:03:45,ETHUSDT,bid,2350,5535.462
2024-09-04 20:04:05,ETHUSDT,bid,2370,4363.501
2024-09-04 20:04:16,ETHUSDT,bid,2330,4637.065
2024-09-04 20:04:18,ETHUSDT,bid,2350,5538.738
2024-09-04 20:04:28,ETHUSDT,bid,2370,4363.922
2024-09-04 20:05:20,ETHUSDT,bid,2350,5487.764
2024-09-04 20:05:49,ETHUSDT,bid,2350,5489.764
2024-09-04 20:06:18,ETHUSDT,bid,2350,5489.264
2024-09-04 20:06:27,ETHUSDT,bid,2330,4636.065
2024-09-04 20:06:55,ETHUSDT,bid,2370,4364.016
2024-09-04 20:06:58,ETHUSDT,bid,2350,5490.115
2024-09-04 20:07:14,ETHUSDT,bid,2330,4644.798
2024-09-04 20:07:14,ETHUSDT,bid,2350,5490.209
2024-09-04 20:07:52,ETHUSDT,bid,2350,5490.509
2024-09-04 20:08:26,ETHUSDT,bid,2370,4363.173
2024-09-04 20:08:27,ETHUSDT,bid,2350,5490.569
2024-09-04 20:08:52,ETHUSDT,bid,2370,4364.182
2024-09-04 20:09:33,ETHUSDT,bid,2370,4384.435
2024-09-04 20:10:00,ETHUSDT,bid,2370,4383.935
2024-09-04 20:10:20,ETHUSDT,bid,2370,4384.135
2024-09-04 20:10:33,ETHUSDT,bid,2350,5490.769
2024-09-04 20:10:53,ETHUSDT,bid,2330,4644.998
2024-09-04 20:10:56,ETHUSDT,bid,2350,5490.969
2024-09-04 20:11:04,ETHUSDT,bid,1700,6046.647
2024-09-04 20:11:20,ETHUSDT,bid,2370,4384.157
2024-09-04 20:11:30,ETHUSDT,bid,2330,4646.284
2024-09-04 20:11:30,ETHUSDT,bid,2330,4645.784
2024-09-04 20:11:31,ETHUSDT,bid,2330,4645.284
2024-09-04 20:11:32,ETHUSDT,bid,2370,4385.157
2024-09-04 20:11:35,ETHUSDT,ask,2670,3796.925
2024-09-04 20:11:42,ETHUSDT,bid,2330,4643.998
2024-09-04 20:11:47,ETHUSDT,bid,2370,4384.148
2024-09-04 20:12:29,ETHUSDT,bid,2370,4386.243
2024-09-04 20:13:02,ETHUSDT,bid,2140,4938.587
2024-09-04 20:13:06,ETHUSDT,bid,2370,4385.013
2024-09-04 20:13:10,ETHUSDT,bid,2370,4384.513
2024-09-04 20:13:34,ETHUSDT,bid,2350,5478.079
2024-09-04 20:13:34,ETHUSDT,bid,2370,4425.868
2024-09-04 20:13:34,ETHUSDT,bid,2370,4453.438
2024-09-04 20:13:34,ETHUSDT,bid,2370,4467.223
2024-09-04 20:13:38,ETHUSDT,bid,2370,4466.868
2024-09-04 20:13:40,ETHUSDT,bid,2350,5478.279
2024-09-04 20:14:10,ETHUSDT,bid,2350,5478.236
2024-09-04 20:14:10,ETHUSDT,bid,2370,4464.355
2024-09-04 20:14:11,ETHUSDT,bid,2350,5468.236
2024-09-04 20:14:22,ETHUSDT,bid,2370,4395.43
2024-09-04 20:14:22,ETHUSDT,bid,2370,4381.645
2024-09-04 20:14:28,ETHUSDT,bid,2350,5468.109
2024-09-04 20:14:32,ETHUSDT,bid,2350,5468.159
2024-09-04 20:14:56,ETHUSDT,bid,2370,4381.699
2024-09-04 20:15:16,ETHUSDT,bid,2370,4381.83
2024-09-04 20:15:32,ETHUSDT,bid,2330,4646.998
2024-09-04 20:15:36,ETHUSDT,bid,2140,4942.716
2024-09-04 20:16:31,ETHUSDT,ask,2670,3797.115
2024-09-04 20:16:44,ETHUSDT,bid,2350,5472.414
2024-09-04 20:17:30,ETHUSDT,bid,2350,5472.404
2024-09-04 20:17:37,ETHUSDT,bid,2350,5474.531
2024-09-04 20:17:48,ETHUSDT,bid,2350,5474.54
2024-09-04 20:18:04,ETHUSDT,bid,2350,5474.569
2024-09-04 20:18:27,ETHUSDT,bid,2350,5474.598
2024-09-04 20:18:32,ETHUSDT,bid,2350,5463.96
2024-09-04 20:19:14,ETHUSDT,bid,2350,5459.705
2024-09-04 20:19:43,ETHUSDT,bid,2350,5459.426
2024-09-04 20:20:19,ETHUSDT,bid,2350,5457.926
2024-09-04 20:20:32,ETHUSDT,bid,2350,5457.897
2024-09-04 20:20:59,ETHUSDT,bid,2230,4493.597
2024-09-04 20:21:39,ETHUSDT,bid,2330,4647.998
2024-09-04 20:22:38,ETHUSDT,bid,2350,5457.877
2024-09-04 20:22:38,ETHUSDT,bid,2370,4381.82
2024-09-04 20:23:27,ETHUSDT,bid,2330,4647.828
2024-09-04 20:24:52,ETHUSDT,bid,1700,6041.647
2024-09-04 20:25:30,ETHUSDT,bid,2370,4382.759
2024-09-04 20:25:41,ETHUSDT,bid,2370,4381.82
2024-09-04 20:25:41,ETHUSDT,bid,2330,4647.917
2024-09-04 20:25:59,ETHUSDT,bid,2370,4381.83
2024-09-04 20:26:10,ETHUSDT,bid,2350,5457.887
2024-09-04 20:26:15,ETHUSDT,bid,2350,5457.897
2024-09-04 20:26:23,ETHUSDT,bid,2350,5458.063
2024-09-04 20:26:58,ETHUSDT,bid,2370,4385.831
2024-09-04 20:26:58,ETHUSDT,bid,2350,5458.041
2024-09-04 20:27:31,ETHUSDT,bid,2330,4647.606
2024-09-04 20:27:37,ETHUSDT,bid,2350,5458.466
2024-09-04 20:27:37,ETHUSDT,bid,2370,4385.851
2024-09-04 20:27:38,ETHUSDT,bid,2350,5461.444
2024-09-04 20:27:49,ETHUSDT,bid,2330,4647.585
2024-09-04 20:28:02,ETHUSDT,bid,2350,5469.955
2024-09-04 20:28:15,ETHUSDT,bid,2370,4383.756
2024-09-04 20:28:18,ETHUSDT,bid,2370,4404.642
2024-09-04 20:28:39,ETHUSDT,bid,2350,5470.162
2024-09-04 20:28:45,ETHUSDT,bid,2350,5470.415
2024-09-04 20:28:53,ETHUSDT,bid,2350,5470.29
2024-09-04 20:29:00,ETHUSDT,bid,2370,4383.756
2024-09-04 20:29:02,ETHUSDT,bid,2350,5470.124
2024-09-04 20:29:05,ETHUSDT,bid,2350,5469.722
2024-09-04 20:29:18,ETHUSDT,bid,2370,4383.777
2024-09-04 20:29:26,ETHUSDT,bid,2370,4384.716
2024-09-04 20:29:29,ETHUSDT,bid,2350,5469.807
2024-09-04 20:29:35,ETHUSDT,bid,2330,4647.756
2024-09-04 20:29:37,ETHUSDT,bid,2330,4637.027
2024-09-04 20:29:40,ETHUSDT,bid,2350,5469.934
2024-09-04 20:29:51,ETHUSDT,bid,2350,5471.734
2024-09-04 20:29:52,ETHUSDT,bid,2330,4636.899
2024-09-04 20:29:57,ETHUSDT,bid,2330,4636.728
2024-09-04 20:30:15,ETHUSDT,bid,2350,5471.934
2024-09-04 20:30:22,ETHUSDT,bid,2330,4636.737
2024-09-04 20:30:35,ETHUSDT,bid,2230,4494.046
2024-09-04 20:30:46,ETHUSDT,bid,2370,4384.717
2024-09-04 20:30:48,ETHUSDT,bid,2350,5521.934
2024-09-04 20:31:15,ETHUSDT,bid,2350,5521.734
2024-09-04 20:31:18,ETHUSDT,bid,2350,5521.534
2024-09-04 20:31:20,ETHUSDT,bid,2350,5531.757
2024-09-04 20:32:04,ETHUSDT,bid,2330,4636.309
2024-09-04 20:32:13,ETHUSDT,bid,2350,5531.257
2024-09-04 20:32:43,ETHUSDT,bid,2350,5531.074
2024-09-04 20:32:52,ETHUSDT,bid,2230,4493.597
2024-09-04 20:32:55,ETHUSDT,bid,2330,4636.261
2024-09-04 20:33:04,ETHUSDT,bid,2350,5530.974
2024-09-04 20:33:20,ETHUSDT,bid,2330,4638.836
2024-09-04 20:33:21,ETHUSDT,bid,2330,4630.103
2024-09-04 20:33:30,ETHUSDT,bid,2370,4385.56
2024-09-04 20:33:40,ETHUSDT,bid,2350,5531.825
2024-09-04 20:33:45,ETHUSDT,bid,2370,4385.569
2024-09-04 20:34:09,ETHUSDT,ask,2590,5816.406
2024-09-04 20:34:32,ETHUSDT,bid,2350,5532.283
2024-09-04 20:34:40,ETHUSDT,bid,2350,5531.825
2024-09-04 20:34:50,ETHUSDT,bid,2350,5532.625
2024-09-04 20:34:52,ETHUSDT,bid,2350,5532.768
2024-09-04 20:35:08,ETHUSDT,bid,2330,4630.082
2024-09-04 20:35:08,ETHUSDT,bid,2350,5532.747
2024-09-04 20:35:08,ETHUSDT,bid,2370,4385.548
2024-09-04 20:35:34,ETHUSDT,bid,2370,4448.206
2024-09-04 20:35:36,ETHUSDT,bid,2370,4385.548
2024-09-04 20:35:47,ETHUSDT,bid,2350,5532.322
2024-09-04 20:36:03,ETHUSDT,bid,2350,5532.343
2024-09-04 20:36:56,ETHUSDT,bid,2350,5532.293
2024-09-04 20:37:05,ETHUSDT,bid,2370,4385.528
2024-09-04 20:37:17,ETHUSDT,bid,2370,4386.347
2024-09-04 20:38:09,ETHUSDT,bid,2350,5530.493
2024-09-04 20:38:16,ETHUSDT,bid,2350,5418.947
2024-09-04 20:38:48,ETHUSDT,bid,2330,4630.094
2024-09-04 20:39:23,ETHUSDT,bid,2350,5420.01
2024-09-04 20:39:25,ETHUSDT,bid,2350,5420.057
2024-09-04 20:40:01,ETHUSDT,bid,2350,5420.066
2024-09-04 20:40:05,ETHUSDT,bid,2350,5421.066
2024-09-04 20:40:06,ETHUSDT,bid,2370,4386.407
2024-09-04 20:40:08,ETHUSDT,bid,2330,4633.094
2024-09-04 20:40:14,ETHUSDT,bid,2350,5421.126
2024-09-04 20:40:21,ETHUSDT,bid,2330,4633.154
2024-09-04 20:40:44,ETHUSDT,bid,2350,5421.338
2024-09-04 20:40:46,ETHUSDT,bid,2370,4383.032
2024-09-04 20:40:47,ETHUSDT,bid,2350,5421.402
2024-09-04 20:41:01,ETHUSDT,bid,2350,5436.402
2024-09-04 20:41:13,ETHUSDT,bid,2330,4634.518
2024-09-04 20:41:34,ETHUSDT,bid,2370,4374.65
2024-09-04 20:41:52,ETHUSDT,bid,2350,5436.381
2024-09-04 20:41:55,ETHUSDT,bid,2370,4373.711
2024-09-04 20:42:17,ETHUSDT,bid,2370,4373.721
2024-09-04 20:42:25,ETHUSDT,bid,2350,5436.391
2024-09-04 20:42:32,ETHUSDT,bid,2330,4634.528
2024-09-04 20:43:34,ETHUSDT,bid,2370,4373.627
2024-09-04 20:43:40,ETHUSDT,bid,2350,5436.297
2024-09-04 20:43:44,ETHUSDT,bid,2350,5437.148
2024-09-04 20:43:56,ETHUSDT,bid,2330,4634.719
2024-09-04 20:43:56,ETHUSDT,bid,2350,5437.287
2024-09-04 20:43:56,ETHUSDT,bid,2370,4373.714
2024-09-04 20:44:06,ETHUSDT,bid,2350,5475.849
2024-09-04 20:44:27,ETHUSDT,bid,2370,4387.499
2024-09-04 20:44:31,ETHUSDT,bid,2140,9425.786
2024-09-04 20:44:36,ETHUSDT,bid,2370,4408.385
2024-09-04 20:44:37,ETHUSDT,bid,2370,4410.692
2024-09-04 20:44:41,ETHUSDT,bid,2350,5475.949
2024-09-04 20:44:41,ETHUSDT,bid,2370,4396.907
2024-09-04 20:44:41,ETHUSDT,bid,2370,4376.021
2024-09-04 20:45:10,ETHUSDT,bid,2370,4380.24
2024-09-04 20:45:18,ETHUSDT,bid,2350,5475.998
2024-09-04 20:45:36,ETHUSDT,bid,2350,5476.04
2024-09-04 20:45:38,ETHUSDT,bid,2370,4385.24
2024-09-04 20:45:39,ETHUSDT,bid,2350,5475.991
2024-09-04 20:45:58,ETHUSDT,bid,2330,4634.205
2024-09-04 20:46:26,ETHUSDT,bid,2330,4635.205
2024-09-04 20:46:45,ETHUSDT,bid,2350,5476.1
2024-09-04 20:46:48,ETHUSDT,bid,2350,5478.1
2024-09-04 20:46:57,ETHUSDT,bid,2350,5478.951
2024-09-04 20:47:08,ETHUSDT,bid,2350,5478.744
2024-09-04 20:47:08,ETHUSDT,bid,2370,4385.723
2024-09-04 20:47:12,ETHUSDT,bid,2350,5477.893
2024-09-04 20:47:46,ETHUSDT,bid,2350,5478.744
2024-09-04 20:47:53,ETHUSDT,bid,2370,4384.904
2024-09-04 20:49:08,ETHUSDT,bid,2330,4635.288
2024-09-04 20:49:33,ETHUSDT,bid,2330,4635.238
2024-09-04 20:49:43,ETHUSDT,bid,2370,4384.421
2024-09-04 20:50:13,ETHUSDT,bid,2350,5478.538
2024-09-04 20:50:47,ETHUSDT,bid,2370,4431.891
2024-09-04 20:50:58,ETHUSDT,bid,2350,5475.56
2024-09-04 20:51:07,ETHUSDT,bid,2370,4411.638
2024-09-04 20:51:45,ETHUSDT,bid,2370,4409.423
2024-09-04 20:53:31,ETHUSDT,bid,2350,5473.56
2024-09-04 20:54:06,ETHUSDT,bid,2350,5434.998
2024-09-04 20:54:28,ETHUSDT,bid,2370,4406.866
2024-09-04 20:56:09,ETHUSDT,bid,2140,4938.587
2024-09-04 20:56:12,ETHUSDT,bid,2330,4660.238
2024-09-04 20:56:20,ETHUSDT,bid,2370,4404.468
2024-09-04 20:57:39,ETHUSDT,bid,2370,4405.468
2024-09-04 20:57:55,ETHUSDT,bid,2350,5440.849
2024-09-04 20:57:57,ETHUSDT,bid,2370,4400.468
2024-09-04 20:58:06,ETHUSDT,bid,2370,4421.354
2024-09-04 20:58:27,ETHUSDT,bid,2370,4421.607
2024-09-04 20:58:34,ETHUSDT,bid,2370,4400.721
2024-09-04 20:58:47,ETHUSDT,bid,2370,4400.731
2024-09-04 20:58:49,ETHUSDT,bid,2370,4400.531
2024-09-04 20:59:14,ETHUSDT,bid,1960,5319.527
2024-09-04 20:59:15,ETHUSDT,bid,2350,5439.998
2024-09-04 20:59:58,ETHUSDT,bid,2350,5442.151
2024-09-04 21:00:13,ETHUSDT,bid,2370,4401.163
2024-09-04 21:00:21,ETHUSDT,bid,2370,4400.531
2024-09-04 21:00:26,ETHUSDT,bid,2350,5442.162
2024-09-04 21:00:29,ETHUSDT,bid,2350,5443.167
2024-09-04 21:00:30,ETHUSDT,bid,2370,4419.328
2024-09-04 21:00:30,ETHUSDT,bid,2350,5443.613
2024-09-04 21:00:48,ETHUSDT,bid,2370,4400.531
2024-09-04 21:00:55,ETHUSDT,bid,2230,4488.597
2024-09-04 21:00:57,ETHUSDT,bid,2350,5443.775
2024-09-04 21:01:03,ETHUSDT,bid,2350,5443.35
2024-09-04 21:01:04,ETHUSDT,bid,2330,4659.38
2024-09-04 21:01:05,ETHUSDT,bid,2220,4504.09
2024-09-04 21:01:05,ETHUSDT,bid,2370,4400.521
2024-09-04 21:01:07,ETHUSDT,bid,2350,5440.159
2024-09-04 21:01:07,ETHUSDT,bid,2350,5440.201
2024-09-04 21:01:14,ETHUSDT,bid,2350,5440.206
2024-09-04 21:01:23,ETHUSDT,bid,2330,4662.598
2024-09-04 21:01:35,ETHUSDT,bid,2330,4662.706
2024-09-04 21:01:57,ETHUSDT,bid,2370,4414.306
2024-09-04 21:01:57,ETHUSDT,bid,2370,4428.091
2024-09-04 21:02:04,ETHUSDT,bid,2370,4414.306
2024-09-04 21:02:04,ETHUSDT,bid,2370,4400.521
2024-09-04 21:02:14,ETHUSDT,bid,2230,4493.597
2024-09-04 21:02:28,ETHUSDT,bid,2350,5438.079
2024-09-04 21:03:18,ETHUSDT,bid,2350,5439.079
2024-09-04 21:03:50,ETHUSDT,bid,2330,4662.731
2024-09-04 21:03:50,ETHUSDT,bid,2350,5439.054
2024-09-04 21:03:57,ETHUSDT,bid,2350,5439.066
2024-09-04 21:03:57,ETHUSDT,bid,2370,4400.505
2024-09-04 21:04:00,ETHUSDT,bid,2350,5439.649
2024-09-04 21:04:55,ETHUSDT,bid,2350,5439.637
2024-09-04 21:04:55,ETHUSDT,bid,2070,9668.753
2024-09-04 21:04:56,ETHUSDT,bid,2350,5439.617
2024-09-04 21:04:56,ETHUSDT,bid,2370,4400.495
2024-09-04 21:05:11,ETHUSDT,bid,2200,4541.508
2024-09-04 21:05:14,ETHUSDT,bid,2370,4400.846
2024-09-04 21:05:30,ETHUSDT,bid,1950,5123.159
2024-09-04 21:05:37,ETHUSDT,bid,2350,5437.915
2024-09-04 21:05:47,ETHUSDT,bid,2350,5437.904
2024-09-04 21:05:47,ETHUSDT,bid,2370,4400.835
2024-09-04 21:06:23,ETHUSDT,bid,2350,5440.031
2024-09-04 21:06:35,ETHUSDT,bid,2350,5440.53
2024-09-04 21:06:40,ETHUSDT,bid,2370,4400.756
2024-09-04 21:06:44,ETHUSDT,bid,2370,4399.034
2024-09-04 21:06:49,ETHUSDT,bid,2370,4394.979
2024-09-04 21:07:22,ETHUSDT,bid,2370,4347.509
2024-09-04 21:07:24,ETHUSDT,bid,2350,5440.73
2024-09-04 21:07:28,ETHUSDT,bid,2350,5442.857
2024-09-04 21:07:30,ETHUSDT,bid,2350,5447.106
2024-09-04 21:07:37,ETHUSDT,bid,2370,4347.519
2024-09-04 21:07:48,ETHUSDT,bid,2350,5447.116
2024-09-04 21:08:06,ETHUSDT,bid,2350,5447.125
2024-09-04 21:08:10,ETHUSDT,bid,2370,4366.316
2024-09-04 21:08:11,ETHUSDT,bid,2350,5447.135
2024-09-04 21:08:26,ETHUSDT,bid,2350,5442.886
2024-09-04 21:08:30,ETHUSDT,bid,2350,5442.926
2024-09-04 21:08:30,ETHUSDT,bid,2370,4366.356
2024-09-04 21:08:31,ETHUSDT,bid,2330,4662.54
2024-09-04 21:08:31,ETHUSDT,bid,2350,5442.787
2024-09-04 21:08:31,ETHUSDT,bid,2370,4366.269
2024-09-04 21:08:44,ETHUSDT,bid,2370,4363.269
2024-09-04 21:09:01,ETHUSDT,bid,2330,4663.54
2024-09-04 21:09:11,ETHUSDT,bid,2370,4344.472
2024-09-04 21:09:24,ETHUSDT,bid,2370,4344.496
2024-09-04 21:09:24,ETHUSDT,bid,2370,4342.189
2024-09-04 21:09:25,ETHUSDT,bid,2220,4504.08
2024-09-04 21:09:25,ETHUSDT,bid,2350,5442.782
2024-09-04 21:09:25,ETHUSDT,bid,2330,4662.176
2024-09-04 21:09:27,ETHUSDT,bid,2350,5442.722
2024-09-04 21:09:47,ETHUSDT,bid,2350,5439.722
2024-09-04 21:10:13,ETHUSDT,bid,2350,5439.737
2024-09-04 21:10:16,ETHUSDT,bid,2370,4342.4
2024-09-04 21:10:18,ETHUSDT,bid,2350,5440.018
2024-09-04 21:10:29,ETHUSDT,bid,2200,4546.508
2024-09-04 21:10:38,ETHUSDT,bid,2370,4342.42
2024-09-04 21:10:58,ETHUSDT,bid,2350,5440.103
2024-09-04 21:11:12,ETHUSDT,bid,2370,4340.22
2024-09-04 21:11:35,ETHUSDT,bid,2350,5440.018
2024-09-04 21:11:37,ETHUSDT,bid,2350,5445.018
2024-09-04 21:11:45,ETHUSDT,bid,2350,5444.955
2024-09-04 21:12:03,ETHUSDT,bid,2370,4339.675
2024-09-04 21:12:04,ETHUSDT,bid,2370,4339.658
2024-09-04 21:12:10,ETHUSDT,bid,2370,4339.698
2024-09-04 21:12:32,ETHUSDT,bid,2350,5436.444
2024-09-04 21:12:32,ETHUSDT,bid,2350,5434.669
2024-09-04 21:12:49,ETHUSDT,bid,2350,5424.446
2024-09-04 21:12:49,ETHUSDT,bid,2370,4349.921
2024-09-04 21:12:57,ETHUSDT,bid,2350,5424.271
2024-09-04 21:13:08,ETHUSDT,bid,2370,4349.71
2024-09-04 21:13:20,ETHUSDT,bid,2210,4523.141
2024-09-04 21:13:36,ETHUSDT,bid,2370,4350.236
2024-09-04 21:13:54,ETHUSDT,bid,2370,4350.927
2024-09-04 21:14:03,ETHUSDT,bid,2350,5424.356
2024-09-04 21:14:36,ETHUSDT,bid,2350,5424.056
2024-09-04 21:14:38,ETHUSDT,bid,2370,4352.327
2024-09-04 21:15:11,ETHUSDT,bid,2330,4619.361
2024-09-04 21:15:39,ETHUSDT,bid,2350,5419.056
2024-09-04 21:15:45,ETHUSDT,bid,2350,5419.107
2024-09-04 21:15:46,ETHUSDT,bid,2330,4619.411
2024-09-04 21:15:46,ETHUSDT,bid,2350,5419.157
2024-09-04 21:15:46,ETHUSDT,bid,2370,4352.377
2024-09-04 21:15:49,ETHUSDT,bid,2350,5419.177
2024-09-04 21:16:07,ETHUSDT,bid,2350,5420.177
2024-09-04 21:16:10,ETHUSDT,bid,2370,4358.282
2024-09-04 21:16:15,ETHUSDT,bid,2350,5420.188
2024-09-04 21:16:16,ETHUSDT,bid,2330,4618.411
2024-09-04 21:16:19,ETHUSDT,bid,2350,5420.371
2024-09-04 21:16:25,ETHUSDT,bid,2350,5420.36
2024-09-04 21:16:42,ETHUSDT,bid,2370,4352.377
2024-09-04 21:16:47,ETHUSDT,bid,2350,5420.56
2024-09-04 21:17:03,ETHUSDT,bid,2220,4504.094
2024-09-04 21:17:06,ETHUSDT,bid,2350,5420.51
2024-09-04 21:17:08,ETHUSDT,bid,2210,4523.155
2024-09-04 21:17:13,ETHUSDT,bid,2200,4546.522
2024-09-04 21:17:21,ETHUSDT,bid,2330,4618.347
2024-09-04 21:17:48,ETHUSDT,bid,2370,4354.111
2024-09-04 21:18:06,ETHUSDT,bid,2350,5420.552
2024-09-04 21:18:07,ETHUSDT,bid,2350,5420.51
2024-09-04 21:18:12,ETHUSDT,bid,2370,4357.111
2024-09-04 21:18:14,ETHUSDT,bid,2370,4356.98
2024-09-04 21:18:20,ETHUSDT,bid,2370,4359.48
2024-09-04 21:18:39,ETHUSDT,bid,2330,4618.337
2024-09-04 21:18:42,ETHUSDT,bid,2350,5420.773
2024-09-04 21:18:47,ETHUSDT,bid,2350,5418.773
2024-09-04 21:18:49,ETHUSDT,bid,2370,4357.48
2024-09-04 21:19:07,ETHUSDT,bid,2370,4355.002
2024-09-04 21:19:08,ETHUSDT,bid,2350,5418.985
2024-09-04 21:19:21,ETHUSDT,bid,2210,4523.685
2024-09-04 21:19:32,ETHUSDT,bid,2370,4417.66
2024-09-04 21:19:42,ETHUSDT,bid,2350,5419.499
2024-09-04 21:19:54,ETHUSDT,bid,2330,4618.82
2024-09-04 21:19:56,ETHUSDT,bid,2370,4396.774
2024-09-04 21:20:01,ETHUSDT,bid,2370,4417.66
2024-09-04 21:20:03,ETHUSDT,bid,2250,4500.966
2024-09-04 21:20:17,ETHUSDT,bid,2350,5419.711
2024-09-04 21:20:23,ETHUSDT,bid,2350,5419.197
2024-09-04 21:20:31,ETHUSDT,bid,2370,4396.774
2024-09-04 21:20:35,ETHUSDT,bid,2370,4375.888
2024-09-04 21:20:36,ETHUSDT,bid,2370,4355.002
2024-09-04 21:20:37,ETHUSDT,bid,2070,4819.336
2024-09-04 21:20:38,ETHUSDT,bid,2330,4614.82
2024-09-04 21:20:55,ETHUSDT,bid,2350,5416.134
2024-09-04 21:21:08,ETHUSDT,bid,2350,5415.922
2024-09-04 21:21:17,ETHUSDT,bid,2330,4610.82
2024-09-04 21:21:23,ETHUSDT,bid,2370,4344.779
2024-09-04 21:21:26,ETHUSDT,bid,2350,5415.837
2024-09-04 21:21:29,ETHUSDT,bid,2370,4341.779
2024-09-04 21:22:01,ETHUSDT,bid,2350,5416.35
2024-09-04 21:22:01,ETHUSDT,bid,2350,5415.35
2024-09-04 21:22:15,ETHUSDT,bid,2350,5414.837
2024-09-04 21:22:31,ETHUSDT,bid,2350,5414.889
2024-09-04 21:22:32,ETHUSDT,bid,2350,5414.608
2024-09-04 21:22:36,ETHUSDT,bid,2350,5415.608
2024-09-04 21:22:38,ETHUSDT,bid,2370,4341.253
2024-09-04 21:22:38,ETHUSDT,bid,2350,5415.808
2024-09-04 21:22:45,ETHUSDT,bid,2330,4610.811
2024-09-04 21:22:49,ETHUSDT,bid,2250,4501.535
2024-09-04 21:22:53,ETHUSDT,bid,2370,4341.295
2024-09-04 21:22:55,ETHUSDT,bid,2330,4613.811
2024-09-04 21:22:56,ETHUSDT,bid,2330,4614.056
2024-09-04 21:23:05,ETHUSDT,bid,2330,4613.811
2024-09-04 21:23:05,ETHUSDT,bid,2370,4336.295
2024-09-04 21:23:09,ETHUSDT,bid,2370,4337.96
2024-09-04 21:23:34,ETHUSDT,bid,2200,4546.748
2024-09-04 21:23:36,ETHUSDT,bid,2370,4338.96
2024-09-04 21:23:49,ETHUSDT,bid,2370,4339.381
2024-09-04 21:23:50,ETHUSDT,bid,2350,5415.767
2024-09-04 21:23:50,ETHUSDT,bid,2370,4338.381
2024-09-04 21:23:59,ETHUSDT,bid,2330,4615.831
2024-09-04 21:24:04,ETHUSDT,bid,2350,5415.809
2024-09-04 21:24:07,ETHUSDT,bid,2370,4338.591
2024-09-04 21:24:11,ETHUSDT,bid,2330,4615.873
2024-09-04 21:24:14,ETHUSDT,bid,2350,5415.827
2024-09-04 21:24:20,ETHUSDT,bid,2370,4338.906
2024-09-04 21:24:23,ETHUSDT,bid,2350,5417.853
2024-09-04 21:24:24,ETHUSDT,bid,2330,4615.928
2024-09-04 21:24:39,ETHUSDT,bid,2350,5417.805
2024-09-04 21:24:41,ETHUSDT,bid,2330,4608.928
2024-09-04 21:24:43,ETHUSDT,bid,2350,5417.82
2024-09-04 21:24:46,ETHUSDT,bid,2370,4353.906
2024-09-04 21:24:53,ETHUSDT,bid,2200,4546.768
2024-09-04 21:24:53,ETHUSDT,bid,2330,4609.051
2024-09-04 21:25:03,ETHUSDT,bid,2200,4546.748
2024-09-04 21:25:07,ETHUSDT,bid,2210,4523.809
2024-09-04 21:25:08,ETHUSDT,bid,2350,5418.82
2024-09-04 21:25:23,ETHUSDT,bid,2350,5418.889
2024-09-04 21:25:52,ETHUSDT,bid,2330,4609.12
2024-09-04 21:26:12,ETHUSDT,bid,2330,4619.12
2024-09-04 21:26:24,ETHUSDT,bid,2350,5417.889
2024-09-04 21:27:03,ETHUSDT,bid,2330,4634.496
2024-09-04 21:27:06,ETHUSDT,bid,2330,4634.505
2024-09-04 21:27:06,ETHUSDT,bid,2350,5417.898
2024-09-04 21:27:06,ETHUSDT,bid,2370,4353.915
2024-09-04 21:27:25,ETHUSDT,bid,2350,5421.3
2024-09-04 21:27:25,ETHUSDT,bid,2370,4358.976
2024-09-04 21:27:31,ETHUSDT,bid,2370,4359.976
2024-09-04 21:27:39,ETHUSDT,bid,2350,5420.662
2024-09-04 21:27:44,ETHUSDT,bid,2140,4935.491
2024-09-04 21:27:44,ETHUSDT,bid,1700,6034.037
2024-09-04 21:27:44,ETHUSDT,bid,2370,4354.915
2024-09-04 21:27:50,ETHUSDT,bid,2370,4355.915
2024-09-04 21:27:57,ETHUSDT,bid,2370,4354.915
2024-09-04 21:28:01,ETHUSDT,bid,2370,4354.705
2024-09-04 21:28:03,ETHUSDT,bid,2350,5420.45
2024-09-04 21:28:15,ETHUSDT,bid,2350,5420.464
2024-09-04 21:28:29,ETHUSDT,bid,1700,6041.633
2024-09-04 21:29:08,ETHUSDT,bid,2350,5419.964
2024-09-04 21:29:11,ETHUSDT,bid,2350,5419.973
2024-09-04 21:29:20,ETHUSDT,bid,2330,4639.869
2024-09-04 21:29:25,ETHUSDT,bid,2350,5439.3
2024-09-04 21:29:28,ETHUSDT,bid,2330,4634.505
2024-09-04 21:29:33,ETHUSDT,bid,2330,4639.869
2024-09-04 21:29:40,ETHUSDT,bid,2350,5419.973
2024-09-04 21:29:51,ETHUSDT,bid,2250,4504.156
2024-09-04 21:29:56,ETHUSDT,bid,2350,5422.201
2024-09-04 21:29:56,ETHUSDT,bid,2350,5422.716
2024-09-04 21:29:58,ETHUSDT,bid,2370,4375.591
2024-09-04 21:29:58,ETHUSDT,bid,2350,5419.314
2024-09-04 21:30:08,ETHUSDT,bid,2370,4354.705
2024-09-04 21:30:17,ETHUSDT,bid,2370,4375.591
2024-09-04 21:30:21,ETHUSDT,bid,2330,4634.505
2024-09-04 21:30:34,ETHUSDT,bid,2370,4354.705
2024-09-04 21:30:50,ETHUSDT,bid,1960,5319.404
2024-09-04 21:31:04,ETHUSDT,bid,2350,5419.239
2024-09-04 21:31:08,ETHUSDT,bid,2350,5419.409
2024-09-04 21:31:14,ETHUSDT,bid,2370,4364.705
2024-09-04 21:31:26,ETHUSDT,bid,2350,5420.243
2024-09-04 21:31:43,ETHUSDT,bid,2350,5420.266
2024-09-04 21:32:01,ETHUSDT,bid,2350,5420.235
2024-09-04 21:32:19,ETHUSDT,bid,2350,5420.065
2024-09-04 21:32:26,ETHUSDT,bid,2330,4635.298
2024-09-04 21:32:53,ETHUSDT,bid,2330,4634.815
2024-09-04 21:33:07,ETHUSDT,bid,2350,5420.138
2024-09-04 21:33:17,ETHUSDT,bid,2370,4362.699
2024-09-04 21:33:17,ETHUSDT,bid,2370,4362.199
2024-09-04 21:33:35,ETHUSDT,bid,2350,5422.243
2024-09-04 21:33:36,ETHUSDT,bid,2350,5420.138
2024-09-04 21:34:02,ETHUSDT,bid,2140,4939.229
2024-09-04 21:34:31,ETHUSDT,bid,2350,5421.138
2024-09-04 21:34:41,ETHUSDT,bid,2350,5421.129
2024-09-04 21:35:03,ETHUSDT,bid,2370,4362.297
2024-09-04 21:35:10,ETHUSDT,bid,2370,4363.047
2024-09-04 21:35:17,ETHUSDT,bid,2350,5421.329
2024-09-04 21:35:19,ETHUSDT,bid,2370,4362.047
2024-09-04 21:35:22,ETHUSDT,bid,2330,4634.991
2024-09-04 21:35:34,ETHUSDT,bid,2350,5021.329
2024-09-04 21:36:05,ETHUSDT,bid,2330,4633.934
2024-09-04 21:36:22,ETHUSDT,bid,2370,4423.034
2024-09-04 21:36:36,ETHUSDT,bid,2370,4362.047
2024-09-04 21:36:39,ETHUSDT,bid,2370,4371.78
2024-09-04 21:36:43,ETHUSDT,bid,2350,5021.117
2024-09-04 21:37:04,ETHUSDT,bid,2370,4362.047
2024-09-04 21:37:45,ETHUSDT,bid,2350,5022.617
2024-09-04 21:37:53,ETHUSDT,bid,2370,4362.618
2024-09-04 21:38:06,ETHUSDT,bid,2350,5016.235
2024-09-04 21:38:06,ETHUSDT,bid,2330,4635.033
2024-09-04 21:39:05,ETHUSDT,bid,2370,4362.778
2024-09-04 21:39:20,ETHUSDT,bid,2330,4643.984
2024-09-04 21:40:08,ETHUSDT,bid,2350,5012.959
2024-09-04 21:40:21,ETHUSDT,bid,2330,4635.033
2024-09-04 21:41:18,ETHUSDT,bid,2330,4632.033
2024-09-04 21:41:27,ETHUSDT,bid,2350,5012.108
2024-09-04 21:41:30,ETHUSDT,bid,2370,4358.559
2024-09-04 21:41:36,ETHUSDT,ask,2570,3885.817
2024-09-04 21:41:36,ETHUSDT,bid,2330,4631.991
2024-09-04 21:41:36,ETHUSDT,bid,2350,5012.066
2024-09-04 21:41:36,ETHUSDT,bid,2370,4358.517
2024-09-04 21:41:44,ETHUSDT,bid,2350,5017.145
2024-09-04 21:41:46,ETHUSDT,bid,2350,5019.145
2024-09-04 21:41:48,ETHUSDT,bid,2370,4358.567
2024-09-04 21:42:08,ETHUSDT,bid,2370,4360.254
2024-09-04 21:42:22,ETHUSDT,bid,2350,5019.082
2024-09-04 21:42:33,ETHUSDT,bid,2350,5014.082
2024-09-04 21:42:34,ETHUSDT,bid,2350,5013.982
2024-09-04 21:43:03,ETHUSDT,bid,2350,5063.982
2024-09-04 21:43:16,ETHUSDT,ask,2590,5817.002
2024-09-04 21:43:43,ETHUSDT,bid,2350,5063.335
2024-09-04 21:43:43,ETHUSDT,bid,2350,5063.315
2024-09-04 21:43:44,ETHUSDT,bid,2350,5063.325
2024-09-04 21:43:47,ETHUSDT,bid,2370,4360.234
2024-09-04 21:44:13,ETHUSDT,bid,2370,4359.563
2024-09-04 21:44:15,ETHUSDT,ask,2590,5816.406
2024-09-04 21:44:27,ETHUSDT,bid,2350,5048.325
2024-09-04 21:44:45,ETHUSDT,bid,2370,4359.513
2024-09-04 21:44:45,ETHUSDT,bid,2370,4358.513
2024-09-04 21:44:57,ETHUSDT,bid,2350,5047.325
2024-09-04 21:45:17,ETHUSDT,bid,2370,4355.513
2024-09-04 21:45:37,ETHUSDT,bid,2330,4633.991
2024-09-04 21:45:38,ETHUSDT,bid,2350,5047.275
2024-09-04 21:45:38,ETHUSDT,bid,2330,4631.991
2024-09-04 21:45:45,ETHUSDT,bid,2350,5047.021
2024-09-04 21:45:58,ETHUSDT,bid,2330,4631.917
2024-09-04 21:46:13,ETHUSDT,bid,2330,4631.967
2024-09-04 21:46:13,ETHUSDT,bid,2350,5047.521
2024-09-04 21:46:19,ETHUSDT,bid,2250,4499.714
2024-09-04 21:46:20,ETHUSDT,bid,2350,5047.501
2024-09-04 21:46:21,ETHUSDT,bid,2330,4631.917
2024-09-04 21:46:24,ETHUSDT,bid,2350,5047.328
2024-09-04 21:46:24,ETHUSDT,bid,2350,5046.328
2024-09-04 21:46:24,ETHUSDT,bid,2350,5046.356
2024-09-04 21:46:24,ETHUSDT,bid,2350,5046.316
2024-09-04 21:46:24,ETHUSDT,bid,2370,4355.473
2024-09-04 21:46:24,ETHUSDT,bid,2350,5046.257
2024-09-04 21:46:24,ETHUSDT,bid,2350,5046.248
2024-09-04 21:46:25,ETHUSDT,bid,2350,5046.29
2024-09-04 21:46:30,ETHUSDT,bid,2370,4355.533
2024-09-04 21:46:30,ETHUSDT,bid,1700,6043.143
2024-09-04 21:46:37,ETHUSDT,bid,2350,5046.206
2024-09-04 21:46:51,ETHUSDT,bid,2350,5046.341
2024-09-04 21:46:53,ETHUSDT,bid,2350,5046.222
2024-09-04 21:46:55,ETHUSDT,bid,1960,5280.9
2024-09-04 21:47:04,ETHUSDT,bid,2350,5046.053
2024-09-04 21:47:04,ETHUSDT,bid,2350,5045.968
2024-09-04 21:47:04,ETHUSDT,bid,2370,4355.512
2024-09-04 21:47:07,ETHUSDT,bid,2350,5045.868
2024-09-04 21:47:13,ETHUSDT,bid,2350,5045.893
2024-09-04 21:47:16,ETHUSDT,bid,2350,5045.593
2024-09-04 21:47:30,ETHUSDT,bid,1700,6041.633
2024-09-04 21:47:46,ETHUSDT,bid,2350,5045.834
2024-09-04 21:48:15,ETHUSDT,bid,2350,5046.07
2024-09-04 21:48:44,ETHUSDT,bid,2330,4631.995
2024-09-04 21:48:58,ETHUSDT,bid,2350,5046.09
2024-09-04 21:49:09,ETHUSDT,ask,2670,3797.131
2024-09-04 21:49:18,ETHUSDT,ask,2670,3797.115
2024-09-04 21:49:19,ETHUSDT,bid,2330,4632.004
2024-09-04 21:49:19,ETHUSDT,bid,2350,5046.099
2024-09-04 21:49:19,ETHUSDT,bid,2370,4355.521
2024-09-04 21:49:27,ETHUSDT,bid,2350,5046.323
2024-09-04 21:49:34,ETHUSDT,bid,2350,5046.123
2024-09-04 21:49:49,ETHUSDT,bid,2370,4355.507
2024-09-04 21:49:51,ETHUSDT,bid,2350,5046.671
2024-09-04 21:49:55,ETHUSDT,bid,2330,4627.004
2024-09-04 21:49:55,ETHUSDT,bid,2350,5045.525
2024-09-04 21:49:57,ETHUSDT,bid,2350,5043.297
2024-09-04 21:49:59,ETHUSDT,bid,2370,4355.492
2024-09-04 21:50:23,ETHUSDT,bid,2330,4626.76
2024-09-04 21:50:30,ETHUSDT,bid,2350,5043.357
2024-09-04 21:50:33,ETHUSDT,bid,2350,5043.257
2024-09-04 21:50:44,ETHUSDT,bid,2350,5044.257
2024-09-04 21:50:57,ETHUSDT,bid,2350,5044.016
2024-09-04 21:51:06,ETHUSDT,bid,2370,4355.482
2024-09-04 21:51:35,ETHUSDT,bid,2350,5044.057
2024-09-04 21:51:43,ETHUSDT,bid,2350,5044.047
2024-09-04 21:51:44,ETHUSDT,bid,2330,4626.729
2024-09-04 21:51:47,ETHUSDT,bid,2070,9668.727
2024-09-04 21:51:47,ETHUSDT,bid,2350,5044.024
2024-09-04 21:51:49,ETHUSDT,bid,2350,5044.049
2024-09-04 21:51:49,ETHUSDT,bid,2370,4355.422
2024-09-04 21:52:02,ETHUSDT,bid,2370,4360.422
2024-09-04 21:52:07,ETHUSDT,bid,2200,6499.75
2024-09-04 21:52:07,ETHUSDT,bid,2200,6499.76
2024-09-04 21:52:09,ETHUSDT,bid,2200,6499.75
2024-09-04 21:52:09,ETHUSDT,bid,2200,6499.73
2024-09-04 21:52:10,ETHUSDT,bid,2350,5043.866
2024-09-04 21:52:10,ETHUSDT,bid,2350,5043.875
2024-09-04 21:52:13,ETHUSDT,bid,2210,4523.685
2024-09-04 21:52:14,ETHUSDT,bid,2350,5043.484
2024-09-04 21:52:17,ETHUSDT,bid,2330,4617.739
2024-09-04 21:52:36,ETHUSDT,ask,2650,3801.511
2024-09-04 21:52:46,ETHUSDT,bid,2330,4618.739
2024-09-04 21:52:52,ETHUSDT,bid,2370,4360.212
2024-09-04 21:52:53,ETHUSDT,bid,2330,4618.679
2024-09-04 21:53:01,ETHUSDT,bid,2350,5043.493
2024-09-04 21:53:01,ETHUSDT,bid,2200,6499.74
2024-09-04 21:53:01,ETHUSDT,bid,2200,6499.796
2024-09-04 21:53:01,ETHUSDT,bid,2200,6499.806
2024-09-04 21:53:09,ETHUSDT,bid,2200,6499.786
2024-09-04 21:53:09,ETHUSDT,bid,2200,6499.776
2024-09-04 21:53:11,ETHUSDT,bid,2200,6499.766
2024-09-04 21:53:12,ETHUSDT,bid,2350,5043.3
2024-09-04 21:53:20,ETHUSDT,bid,2350,5043.275
2024-09-04 21:53:20,ETHUSDT,bid,2370,4360.187
2024-09-04 21:53:20,ETHUSDT,bid,2350,5043.285
2024-09-04 21:53:20,ETHUSDT,bid,2370,4360.197
2024-09-04 21:53:47,ETHUSDT,bid,2350,5042.451
2024-09-04 21:53:48,ETHUSDT,bid,2350,5042.437
2024-09-04 21:53:56,ETHUSDT,bid,2330,4618.709
2024-09-04 21:54:18,ETHUSDT,bid,2350,5027.437
2024-09-04 21:54:19,ETHUSDT,bid,2350,5027.646
2024-09-04 21:54:31,ETHUSDT,bid,2370,4370.197
2024-09-04 21:54:54,ETHUSDT,bid,2370,4369.565
2024-09-04 21:55:02,ETHUSDT,bid,2370,4382.348
2024-09-04 21:55:08,ETHUSDT,bid,2350,5026.146
2024-09-04 21:55:11,ETHUSDT,bid,2330,4617.709
2024-09-04 21:55:13,ETHUSDT,bid,2330,4617.631
2024-09-04 21:55:22,ETHUSDT,bid,2370,4387.348
2024-09-04 21:55:29,ETHUSDT,bid,2330,4617.504
2024-09-04 21:55:29,ETHUSDT,bid,2350,5026.02
2024-09-04 21:55:29,ETHUSDT,bid,2370,4387.223
2024-09-04 21:55:30,ETHUSDT,bid,2370,4387.553
2024-09-04 21:55:32,ETHUSDT,bid,2370,4387.223
2024-09-04 21:56:02,ETHUSDT,bid,2350,5025.97
2024-09-04 21:56:02,ETHUSDT,bid,2330,4617.404
2024-09-04 21:56:45,ETHUSDT,bid,2330,4592.404
2024-09-04 21:56:45,ETHUSDT,bid,2370,4397.223
2024-09-04 21:57:08,ETHUSDT,bid,2350,5026.97
2024-09-04 21:57:09,ETHUSDT,bid,2350,5021.891
2024-09-04 21:57:17,ETHUSDT,bid,2370,4397.114
2024-09-04 21:57:38,ETHUSDT,bid,2370,4397.223
2024-09-04 21:57:56,ETHUSDT,bid,2370,4395.823
2024-09-04 21:58:04,ETHUSDT,bid,2350,5022.091
2024-09-04 21:58:18,ETHUSDT,bid,2350,5022.391
2024-09-04 21:58:18,ETHUSDT,bid,2140,4939.336
2024-09-04 21:58:25,ETHUSDT,bid,2350,5022.416
2024-09-04 21:58:31,ETHUSDT,bid,2350,5020.916
2024-09-04 21:58:59,ETHUSDT,bid,2330,4591.975
2024-09-04 21:59:31,ETHUSDT,bid,2350,5021.124
2024-09-04 22:00:32,ETHUSDT,bid,2350,5022.052
2024-09-04 22:00:42,ETHUSDT,bid,2350,5021.67
2024-09-04 22:00:43,ETHUSDT,bid,2330,4592.404
2024-09-04 22:00:47,ETHUSDT,bid,2200,6499.748
2024-09-04 22:00:49,ETHUSDT,ask,2650,3801.653
2024-09-04 22:00:58,ETHUSDT,bid,2350,5021.882
2024-09-04 22:01:12,ETHUSDT,bid,2370,4394.136
2024-09-04 22:01:15,ETHUSDT,bid,2220,4504.294
2024-09-04 22:01:30,ETHUSDT,bid,2330,4592.339
2024-09-04 22:01:33,ETHUSDT,bid,2370,4394.346
2024-09-04 22:01:51,ETHUSDT,bid,2350,5021.367
2024-09-04 22:02:02,ETHUSDT,bid,2350,5021.131
2024-09-04 22:02:19,ETHUSDT,bid,2370,4394.304
2024-09-04 22:02:42,ETHUSDT,bid,2350,5021.391
2024-09-04 22:03:01,ETHUSDT,bid,2200,6499.73
2024-09-04 22:03:11,ETHUSDT,bid,1960,5280.941
2024-09-04 22:03:39,ETHUSDT,bid,2330,4591.339
2024-09-04 22:04:06,ETHUSDT,bid,2210,4523.648
2024-09-04 22:04:32,ETHUSDT,bid,2370,4394.218
2024-09-04 22:04:32,ETHUSDT,bid,2350,5023.378
2024-09-04 22:04:49,ETHUSDT,bid,2350,5024.378
2024-09-04 22:04:54,ETHUSDT,bid,2350,5026.128
2024-09-04 22:05:33,ETHUSDT,bid,2330,4591.33
2024-09-04 22:05:33,ETHUSDT,bid,2350,5026.119
2024-09-04 22:05:33,ETHUSDT,bid,2370,4394.209
2024-09-04 22:05:57,ETHUSDT,bid,2330,4591.223
2024-09-04 22:05:59,ETHUSDT,bid,2350,5026.042
2024-09-04 22:06:11,ETHUSDT,bid,2370,4394.195
2024-09-04 22:06:11,ETHUSDT,ask,2650,3801.639
2024-09-04 22:06:11,ETHUSDT,ask,2670,3797.101
2024-09-04 22:06:46,ETHUSDT,bid,2350,5026.056
2024-09-04 22:06:57,ETHUSDT,bid,2370,4381.412
2024-09-04 22:07:26,ETHUSDT,bid,2330,4608.321
2024-09-04 22:07:34,ETHUSDT,bid,2350,5025.99
2024-09-04 22:07:35,ETHUSDT,bid,2350,5025.79
2024-09-04 22:07:35,ETHUSDT,bid,2350,5024.21
2024-09-04 22:08:04,ETHUSDT,bid,2370,4381.454
2024-09-04 22:08:15,ETHUSDT,bid,2350,5023.282
2024-09-04 22:08:29,ETHUSDT,bid,2350,5024.793
2024-09-04 22:08:43,ETHUSDT,bid,2330,4591.223
2024-09-04 22:08:58,ETHUSDT,bid,2330,4589.223
2024-09-04 22:09:01,ETHUSDT,bid,2370,4381.486
2024-09-04 22:09:06,ETHUSDT,bid,2330,4579.223
2024-09-04 22:09:09,ETHUSDT,bid,2330,4579.322
2024-09-04 22:09:17,ETHUSDT,bid,2370,4381.454
2024-09-04 22:09:39,ETHUSDT,bid,2350,5026.293
2024-09-04 22:09:41,ETHUSDT,bid,2330,4579.79
2024-09-04 22:09:44,ETHUSDT,bid,2350,5024.876
2024-09-04 22:09:52,ETHUSDT,bid,2330,4579.691
2024-09-04 22:09:57,ETHUSDT,bid,2350,5025.106
2024-09-04 22:10:01,ETHUSDT,ask,2670,3733.323
2024-09-04 22:10:11,ETHUSDT,bid,2330,4579.627
2024-09-04 22:10:12,ETHUSDT,bid,2370,4381.345
2024-09-04 22:10:22,ETHUSDT,bid,2350,5025.338
2024-09-04 22:10:29,ETHUSDT,bid,2350,5026.154
2024-09-04 22:10:29,ETHUSDT,ask,2670,3733.313
2024-09-04 22:10:38,ETHUSDT,bid,2350,5026.654
2024-09-04 22:10:41,ETHUSDT,bid,2210,4523.693
2024-09-04 22:10:48,ETHUSDT,bid,2200,4546.805
2024-09-04 22:10:59,ETHUSDT,bid,2350,5027.654
2024-09-04 22:11:10,ETHUSDT,bid,2330,4579.617
2024-09-04 22:11:34,ETHUSDT,bid,2330,4589.617
2024-09-04 22:11:43,ETHUSDT,bid,2330,4579.617
2024-09-04 22:11:50,ETHUSDT,bid,2350,5027.401
2024-09-04 22:11:59,ETHUSDT,bid,2330,4587.763
2024-09-04 22:12:20,ETHUSDT,bid,2330,4579.617
2024-09-04 22:12:25,ETHUSDT,bid,2350,5027.613
2024-09-04 22:12:32,ETHUSDT,bid,2330,4579.567
2024-09-04 22:12:45,ETHUSDT,bid,2330,4587.713
2024-09-04 22:13:07,ETHUSDT,bid,2350,5025.613
2024-09-04 22:13:15,ETHUSDT,bid,2330,4588.713
2024-09-04 22:13:47,ETHUSDT,bid,2370,4381.325
2024-09-04 22:13:52,ETHUSDT,bid,1960,5279.028
2024-09-04 22:13:53,ETHUSDT,bid,2330,4588.693
2024-09-04 22:13:54,ETHUSDT,bid,2350,5025.593
2024-09-04 22:14:11,ETHUSDT,bid,2370,4380.825
2024-09-04 22:14:18,ETHUSDT,bid,2370,4381.125
2024-09-04 22:14:19,ETHUSDT,bid,2350,5025.787
2024-09-04 22:14:39,ETHUSDT,bid,2210,4523.683
2024-09-04 22:14:48,ETHUSDT,bid,2350,5027.914
2024-09-04 22:14:53,ETHUSDT,bid,2350,5027.702
2024-09-04 22:15:19,ETHUSDT,bid,2370,4380.725
2024-09-04 22:16:30,ETHUSDT,bid,2350,5027.682
2024-09-04 22:16:30,ETHUSDT,bid,2370,4380.715
