2024-08-31 07:03:41,BTCUSDT,bid,55800,770.228
2024-08-31 07:21:33,BTCUSDT,bid,55800,770.291
2024-08-31 07:23:58,BTCUSDT,bid,55800,770.228
2024-08-31 07:03:44,BTCUSD_PERP,bid,58500,645.61
2024-08-31 07:03:44,BTCUSD_PERP,bid,58500,519.96
2024-08-31 07:03:44,BTCUSD_PERP,bid,58500,635.31
2024-08-31 07:03:44,BTCUSD_PERP,bid,58500,693.28
2024-08-31 07:04:15,BTCUSD_PERP,bid,58500,577.93
2024-08-31 07:04:15,BTCUSD_PERP,bid,58500,519.96
2024-08-31 07:04:17,BTCUSD_PERP,bid,58600,577.15
2024-08-31 07:06:02,BTCUSD_PERP,bid,58600,519.73
2024-08-31 07:06:04,BTCUSD_PERP,bid,58600,520.0
2024-08-31 07:06:04,BTCUSD_PERP,bid,58600,578.04
2024-08-31 07:12:19,BTCUSD_PERP,bid,58600,529.59
2024-08-31 07:15:38,BTCUSD_PERP,bid,58600,520.49
2024-08-31 07:15:39,BTCUSD_PERP,bid,58600,635.98
2024-08-31 07:15:39,BTCUSD_PERP,bid,58600,694.02
2024-08-31 07:15:39,BTCUSD_PERP,bid,58600,809.51
2024-08-31 07:15:39,BTCUSD_PERP,bid,58600,867.55
2024-08-31 07:15:39,BTCUSD_PERP,bid,58600,925.0
2024-08-31 07:15:39,BTCUSD_PERP,bid,58600,983.04
2024-08-31 07:15:40,BTCUSD_PERP,bid,58500,564.23
2024-08-31 07:15:40,BTCUSD_PERP,bid,58600,1040.49
2024-08-31 07:17:56,BTCUSD_PERP,bid,58600,982.45
2024-08-31 07:17:56,BTCUSD_PERP,bid,58500,520.75
2024-08-31 07:17:56,BTCUSD_PERP,bid,58600,924.41
2024-08-31 07:17:56,BTCUSD_PERP,bid,58600,751.47
2024-08-31 07:17:56,BTCUSD_PERP,bid,58600,577.94
2024-08-31 07:17:56,BTCUSD_PERP,bid,58600,520.92
2024-08-31 07:17:56,BTCUSD_PERP,bid,58600,695.16
2024-08-31 07:17:57,BTCUSD_PERP,bid,58600,819.88
2024-08-31 07:17:57,BTCUSD_PERP,bid,58600,516.41
2024-08-31 07:17:57,BTCUSD_PERP,bid,58600,877.96
2024-08-31 07:17:57,BTCUSD_PERP,bid,58600,1003.39
2024-08-31 07:17:57,BTCUSD_PERP,bid,58600,1118.85
2024-08-31 07:17:57,BTCUSD_PERP,bid,58600,1234.41
2024-08-31 07:17:57,BTCUSD_PERP,bid,58600,574.39
2024-08-31 07:18:45,BTCUSD_PERP,bid,58600,1234.45
2024-08-31 07:19:26,BTCUSD_PERP,bid,58600,530.88
2024-08-31 07:19:26,BTCUSD_PERP,bid,58600,1176.47
2024-08-31 07:19:26,BTCUSD_PERP,bid,58600,1118.99
2024-08-31 07:19:26,BTCUSD_PERP,bid,58600,1003.43
2024-08-31 07:19:27,BTCUSD_PERP,bid,58600,887.87
2024-08-31 07:19:27,BTCUSD_PERP,bid,58600,829.79
2024-08-31 07:19:27,BTCUSD_PERP,bid,58600,714.83
2024-08-31 07:19:27,BTCUSD_PERP,bid,58600,656.75
2024-08-31 07:19:27,BTCUSD_PERP,bid,58700,520.17
2024-08-31 07:19:27,BTCUSD_PERP,bid,58600,541.19
2024-08-31 07:19:27,BTCUSD_PERP,bid,58700,578.3
2024-08-31 07:19:28,BTCUSD_PERP,bid,58700,635.83
2024-08-31 07:19:28,BTCUSD_PERP,bid,58700,751.49
2024-08-31 07:19:28,BTCUSD_PERP,bid,58700,867.75
2024-08-31 07:19:28,BTCUSD_PERP,bid,58600,521.56
2024-08-31 07:19:28,BTCUSD_PERP,bid,58700,983.41
2024-08-31 07:19:28,BTCUSD_PERP,bid,58700,1041.54
2024-08-31 07:19:28,BTCUSD_PERP,bid,58700,1157.8
2024-08-31 07:20:14,BTCUSD_PERP,bid,58600,810.42
2024-08-31 07:20:14,BTCUSD_PERP,bid,58600,984.12
2024-08-31 07:20:14,BTCUSD_PERP,bid,58600,521.29
2024-08-31 07:20:14,BTCUSD_PERP,bid,58600,1042.22
2024-08-31 07:22:03,BTCUSD_PERP,bid,58600,926.62
2024-08-31 07:22:03,BTCUSD_PERP,bid,58600,811.01
2024-08-31 07:22:03,BTCUSD_PERP,bid,58600,752.91
2024-08-31 07:22:03,BTCUSD_PERP,bid,58600,694.81
2024-08-31 07:22:04,BTCUSD_PERP,bid,58600,636.71
2024-08-31 07:22:04,BTCUSD_PERP,bid,58600,579.2
2024-08-31 07:22:04,BTCUSD_PERP,bid,58700,520.72
2024-08-31 07:22:04,BTCUSD_PERP,bid,58600,521.7
2024-08-31 07:22:04,BTCUSD_PERP,bid,58700,578.26
2024-08-31 07:22:04,BTCUSD_PERP,bid,58700,694.52
2024-08-31 07:22:04,BTCUSD_PERP,bid,58700,752.65
2024-08-31 07:22:04,BTCUSD_PERP,bid,58600,521.56
2024-08-31 07:23:23,BTCUSD_PERP,bid,58700,694.52
2024-08-31 07:23:23,BTCUSD_PERP,bid,58700,636.39
2024-08-31 07:23:23,BTCUSD_PERP,bid,58700,578.85
2024-08-31 07:24:15,BTCUSD_PERP,bid,58700,521.26
2024-08-31 07:24:15,BTCUSD_PERP,bid,58700,578.86
2024-08-31 07:24:15,BTCUSD_PERP,bid,58700,695.24
2024-08-31 07:25:06,BTCUSD_PERP,bid,58700,637.05
2024-08-31 07:25:06,BTCUSD_PERP,bid,58700,578.86
2024-08-31 07:25:06,BTCUSD_PERP,bid,58700,521.26
2024-08-31 07:25:06,BTCUSD_PERP,bid,58800,581.72
2024-08-31 07:25:07,BTCUSD_PERP,bid,58800,697.6
2024-08-31 07:26:04,BTCUSD_PERP,bid,58800,639.37
2024-08-31 07:26:04,BTCUSD_PERP,bid,58800,754.83
2024-08-31 07:26:04,BTCUSD_PERP,bid,58800,813.04
2024-08-31 07:28:08,BTCUSD_PERP,bid,58700,927.18
2024-08-31 07:28:08,BTCUSD_PERP,bid,58700,985.36
