2024-08-24 07:16:32,SOLUSDT,ask,175,29140.0
2024-08-24 07:16:48,SOLUSDT,ask,175,29127.0
2024-08-24 07:36:52,SOLUSDT,ask,190,43109.0
2024-08-24 07:42:16,SOLUSDT,ask,190,43108.0
2024-08-24 07:44:00,SOLUSDT,ask,190,43107.0
2024-08-24 07:51:13,SOLUSDT,ask,190,43108.0
2024-08-24 08:00:26,SOLUSDT,ask,175,29140.0
2024-08-24 08:05:16,SOLUSDT,ask,190,43050.0
2024-08-24 08:05:36,SOLUSDT,ask,175,29222.0
2024-08-24 08:07:46,SOLUSDT,ask,175,29140.0
2024-08-24 08:12:29,SOLUSDT,ask,190,43049.0
2024-08-24 08:20:50,SOLUSDT,ask,175,29139.0
2024-08-24 08:26:08,SOLUSDT,ask,190,43033.0
2024-08-24 08:31:15,SOLUSDT,ask,176,28961.0
2024-08-24 08:36:54,SOLUSDT,ask,190,42802.0
2024-08-24 08:48:28,SOLUSDT,ask,190,42806.0
2024-08-24 08:49:30,SOLUSDT,ask,190,42811.0
2024-08-24 08:50:41,SOLUSDT,ask,190,42814.0
2024-08-24 08:56:39,SOLUSDT,ask,176,28962.0
2024-08-24 08:57:33,SOLUSDT,ask,190,42813.0
2024-08-24 09:12:34,SOLUSDT,ask,175,29140.0
2024-08-24 09:23:27,SOLUSDT,ask,190,42810.0
2024-08-24 09:32:58,SOLUSDT,ask,175,29135.0
2024-08-24 09:51:08,SOLUSDT,ask,175,29136.0
2024-08-24 10:32:49,SOLUSDT,ask,175,29138.0
2024-08-24 11:14:46,SOLUSDT,ask,190,42812.0
2024-08-24 11:36:55,SOLUSDT,ask,190,42821.0
2024-08-24 11:46:29,SOLUSDT,ask,190,42812.0
2024-08-24 11:55:05,SOLUSDT,ask,175,29136.0
2024-08-24 12:06:21,SOLUSDT,ask,178,35791.0
2024-08-24 12:12:17,SOLUSDT,ask,178,35796.0
2024-08-24 12:12:17,SOLUSDT,ask,190,42807.0
2024-08-24 12:17:45,SOLUSDT,ask,154,36042.0
2024-08-24 12:17:45,SOLUSDT,ask,154,36048.0
2024-08-24 12:17:45,SOLUSDT,ask,154,36048.0
2024-08-24 12:17:53,SOLUSDT,ask,154,36050.0
2024-08-24 12:17:53,SOLUSDT,ask,154,36052.0
2024-08-24 12:17:53,SOLUSDT,ask,154,36050.0
2024-08-24 12:17:54,SOLUSDT,ask,154,36052.0
2024-08-24 12:17:55,SOLUSDT,ask,154,36050.0
2024-08-24 12:17:55,SOLUSDT,ask,154,36150.0
2024-08-24 12:17:56,SOLUSDT,ask,154,36050.0
2024-08-24 12:17:57,SOLUSDT,ask,154,36074.0
2024-08-24 12:17:57,SOLUSDT,ask,154,36086.0
2024-08-24 12:17:58,SOLUSDT,ask,154,36074.0
2024-08-24 12:17:58,SOLUSDT,ask,154,36086.0
2024-08-24 12:17:59,SOLUSDT,ask,154,36074.0
2024-08-24 12:18:01,SOLUSDT,ask,154,36086.0
2024-08-24 12:18:01,SOLUSDT,ask,154,36050.0
2024-08-24 12:18:01,SOLUSDT,ask,154,36050.0
2024-08-24 12:18:01,SOLUSDT,ask,154,36078.0
2024-08-24 12:18:02,SOLUSDT,ask,154,36050.0
2024-08-24 12:18:02,SOLUSDT,ask,154,36062.0
2024-08-24 12:18:02,SOLUSDT,ask,154,36050.0
2024-08-24 12:18:05,SOLUSDT,ask,154,36080.0
2024-08-24 12:18:05,SOLUSDT,ask,154,36210.0
2024-08-24 12:18:07,SOLUSDT,ask,154,36222.0
2024-08-24 12:18:07,SOLUSDT,ask,154,36210.0
2024-08-24 12:18:07,SOLUSDT,ask,154,36219.0
2024-08-24 12:18:08,SOLUSDT,ask,154,36247.0
2024-08-24 12:18:08,SOLUSDT,ask,154,36219.0
2024-08-24 12:18:09,SOLUSDT,ask,154,36247.0
2024-08-24 12:18:10,SOLUSDT,ask,154,36238.0
2024-08-24 12:18:11,SOLUSDT,ask,154,36247.0
2024-08-24 12:18:11,SOLUSDT,ask,154,36238.0
2024-08-24 12:18:11,SOLUSDT,ask,154,36210.0
2024-08-24 12:18:13,SOLUSDT,ask,154,36372.0
2024-08-24 12:18:14,SOLUSDT,ask,154,36210.0
2024-08-24 12:18:16,SOLUSDT,ask,154,36048.0
2024-08-24 12:18:31,SOLUSDT,ask,190,42811.0
2024-08-24 12:18:37,SOLUSDT,ask,154,36080.0
2024-08-24 12:18:37,SOLUSDT,ask,154,36048.0
2024-08-24 12:18:37,SOLUSDT,ask,154,36054.0
2024-08-24 12:18:42,SOLUSDT,ask,154,36054.0
2024-08-24 12:18:42,SOLUSDT,ask,154,36053.0
2024-08-24 12:18:43,SOLUSDT,ask,154,36056.0
2024-08-24 12:18:44,SOLUSDT,ask,154,36053.0
2024-08-24 12:18:48,SOLUSDT,ask,154,36047.0
2024-08-24 12:18:48,SOLUSDT,ask,154,35910.0
2024-08-24 12:18:48,SOLUSDT,ask,154,35860.0
2024-08-24 12:18:48,SOLUSDT,ask,154,35868.0
2024-08-24 12:18:49,SOLUSDT,ask,154,35838.0
2024-08-24 12:18:49,SOLUSDT,ask,154,35834.0
2024-08-24 12:18:49,SOLUSDT,ask,154,35830.0
2024-08-24 12:18:49,SOLUSDT,ask,154,35301.0
2024-08-24 12:18:49,SOLUSDT,ask,154,35306.0
2024-08-24 12:18:49,SOLUSDT,ask,154,35294.0
2024-08-24 12:18:49,SOLUSDT,ask,154,35300.0
2024-08-24 12:18:50,SOLUSDT,ask,154,35301.0
2024-08-24 12:18:50,SOLUSDT,ask,154,35308.0
2024-08-24 12:18:50,SOLUSDT,ask,154,35309.0
2024-08-24 12:18:50,SOLUSDT,ask,154,35308.0
2024-08-24 12:18:51,SOLUSDT,ask,154,35307.0
2024-08-24 12:18:51,SOLUSDT,ask,154,34953.0
2024-08-24 12:18:51,SOLUSDT,ask,154,34953.0
2024-08-24 12:18:51,SOLUSDT,ask,154,34953.0
2024-08-24 12:18:51,SOLUSDT,ask,154,34956.0
2024-08-24 12:18:51,SOLUSDT,ask,154,34955.0
2024-08-24 12:18:52,SOLUSDT,ask,154,34941.0
2024-08-24 12:18:52,SOLUSDT,ask,154,34942.0
2024-08-24 12:18:52,SOLUSDT,ask,154,34966.0
2024-08-24 12:18:52,SOLUSDT,ask,154,34964.0
2024-08-24 12:18:52,SOLUSDT,ask,154,34958.0
2024-08-24 12:18:53,SOLUSDT,ask,154,34479.0
2024-08-24 12:18:53,SOLUSDT,ask,154,34475.0
2024-08-24 12:18:53,SOLUSDT,ask,154,34473.0
2024-08-24 12:18:54,SOLUSDT,ask,154,34475.0
2024-08-24 12:18:54,SOLUSDT,ask,154,34478.0
2024-08-24 12:18:54,SOLUSDT,ask,154,34503.0
2024-08-24 12:18:54,SOLUSDT,ask,154,34509.0
2024-08-24 12:18:54,SOLUSDT,ask,154,34471.0
2024-08-24 12:18:55,SOLUSDT,ask,154,34491.0
2024-08-24 12:18:55,SOLUSDT,ask,154,33563.0
2024-08-24 12:18:55,SOLUSDT,ask,154,33494.0
2024-08-24 12:18:55,SOLUSDT,ask,154,33450.0
2024-08-24 12:18:56,SOLUSDT,ask,154,33383.0
2024-08-24 12:18:56,SOLUSDT,ask,154,33339.0
2024-08-24 12:18:56,SOLUSDT,ask,154,33340.0
2024-08-24 12:18:56,SOLUSDT,ask,154,33164.0
2024-08-24 12:18:56,SOLUSDT,ask,154,33164.0
2024-08-24 12:18:56,SOLUSDT,ask,154,33154.0
2024-08-24 12:18:56,SOLUSDT,ask,154,33154.0
2024-08-24 12:18:56,SOLUSDT,ask,154,33157.0
2024-08-24 12:18:56,SOLUSDT,ask,154,33154.0
2024-08-24 12:18:56,SOLUSDT,ask,154,33155.0
2024-08-24 12:18:57,SOLUSDT,ask,154,32642.0
2024-08-24 12:18:57,SOLUSDT,ask,154,32643.0
2024-08-24 12:18:57,SOLUSDT,ask,154,32641.0
2024-08-24 12:25:10,SOLUSDT,ask,178,35795.0
2024-08-24 12:26:11,SOLUSDT,bid,74,67727.0
2024-08-24 12:44:18,SOLUSDT,ask,175,29137.0
2024-08-24 13:01:09,SOLUSDT,ask,176,28961.0
2024-08-24 13:01:09,SOLUSDT,ask,178,35794.0
2024-08-24 13:15:42,SOLUSDT,ask,190,42817.0
2024-08-24 13:16:23,SOLUSDT,ask,175,29139.0
2024-08-24 13:26:45,SOLUSDT,ask,175,29372.0
2024-08-24 13:27:34,SOLUSDT,ask,176,28958.0
2024-08-24 13:29:00,SOLUSDT,ask,176,28963.0
2024-08-24 13:29:00,SOLUSDT,ask,178,35789.0
2024-08-24 13:29:23,SOLUSDT,ask,176,28958.0
2024-08-24 13:29:23,SOLUSDT,ask,178,35794.0
2024-08-24 13:36:21,SOLUSDT,ask,190,42836.0
2024-08-24 13:55:26,SOLUSDT,ask,178,35789.0
2024-08-24 13:55:26,SOLUSDT,ask,190,42841.0
2024-08-24 13:57:43,SOLUSDT,ask,780,6802.0
2024-08-24 14:12:09,SOLUSDT,ask,176,28963.0
2024-08-24 14:12:29,SOLUSDT,ask,175,29373.0
2024-08-24 14:29:37,SOLUSDT,ask,175,29374.0
2024-08-24 14:34:17,SOLUSDT,ask,190,42851.0
2024-08-24 14:39:02,SOLUSDT,ask,175,29376.0
2024-08-24 14:50:12,SOLUSDT,ask,175,29372.0
2024-08-24 15:07:42,SOLUSDT,ask,190,42850.0
2024-08-24 15:09:10,SOLUSDT,ask,175,29139.0
2024-08-24 15:23:53,SOLUSDT,ask,175,29126.0
2024-08-24 15:36:41,SOLUSDT,bid,154,34727.0
2024-08-24 15:36:41,SOLUSDT,bid,154,34779.0
2024-08-24 15:36:41,SOLUSDT,bid,154,34714.0
2024-08-24 15:36:41,SOLUSDT,bid,154,34775.0
2024-08-24 15:36:41,SOLUSDT,bid,154,34773.0
2024-08-24 15:36:42,SOLUSDT,bid,154,34772.0
2024-08-24 15:36:42,SOLUSDT,bid,154,34722.0
2024-08-24 15:36:42,SOLUSDT,bid,154,34727.0
2024-08-24 15:36:43,SOLUSDT,bid,154,34731.0
2024-08-24 15:36:43,SOLUSDT,bid,154,34727.0
2024-08-24 15:36:43,SOLUSDT,bid,154,34777.0
2024-08-24 15:36:43,SOLUSDT,bid,154,34873.0
2024-08-24 15:36:43,SOLUSDT,bid,154,34767.0
2024-08-24 15:36:44,SOLUSDT,bid,154,34717.0
2024-08-24 15:36:44,SOLUSDT,bid,154,34704.0
2024-08-24 15:36:44,SOLUSDT,bid,154,34723.0
2024-08-24 15:36:45,SOLUSDT,bid,154,34704.0
2024-08-24 15:36:46,SOLUSDT,bid,154,34074.0
2024-08-24 15:36:46,SOLUSDT,bid,154,34072.0
2024-08-24 15:36:47,SOLUSDT,bid,154,34034.0
2024-08-24 15:36:52,SOLUSDT,bid,154,34452.0
2024-08-24 15:36:52,SOLUSDT,bid,154,34034.0
2024-08-24 15:36:52,SOLUSDT,bid,154,34453.0
2024-08-24 15:36:52,SOLUSDT,bid,154,34034.0
2024-08-24 15:36:52,SOLUSDT,bid,154,34034.0
2024-08-24 15:36:53,SOLUSDT,bid,154,34043.0
2024-08-24 15:36:54,SOLUSDT,bid,154,34034.0
2024-08-24 15:36:54,SOLUSDT,bid,154,34084.0
2024-08-24 15:36:54,SOLUSDT,bid,154,34094.0
2024-08-24 15:36:54,SOLUSDT,bid,154,34084.0
2024-08-24 15:36:55,SOLUSDT,bid,154,34034.0
2024-08-24 15:36:55,SOLUSDT,bid,154,34084.0
2024-08-24 15:36:56,SOLUSDT,bid,154,34084.0
2024-08-24 15:36:56,SOLUSDT,bid,154,34084.0
2024-08-24 15:36:56,SOLUSDT,bid,154,34264.0
2024-08-24 15:36:56,SOLUSDT,bid,154,34103.0
2024-08-24 15:36:57,SOLUSDT,bid,154,34053.0
2024-08-24 15:36:58,SOLUSDT,bid,154,34103.0
2024-08-24 15:36:58,SOLUSDT,bid,154,34053.0
2024-08-24 15:37:00,SOLUSDT,bid,154,34103.0
2024-08-24 15:37:00,SOLUSDT,bid,154,34072.0
2024-08-24 15:37:02,SOLUSDT,bid,154,34072.0
2024-08-24 15:37:03,SOLUSDT,bid,154,34082.0
2024-08-24 15:37:03,SOLUSDT,bid,154,34244.0
2024-08-24 15:37:03,SOLUSDT,bid,154,34103.0
2024-08-24 15:37:03,SOLUSDT,bid,154,34116.0
2024-08-24 15:37:03,SOLUSDT,bid,154,34066.0
2024-08-24 15:37:04,SOLUSDT,bid,154,34053.0
2024-08-24 15:37:05,SOLUSDT,bid,154,34056.0
2024-08-24 15:37:07,SOLUSDT,bid,154,34106.0
2024-08-24 15:37:08,SOLUSDT,bid,154,34056.0
2024-08-24 15:37:08,SOLUSDT,bid,154,34083.0
2024-08-24 15:37:09,SOLUSDT,bid,154,34148.0
2024-08-24 15:37:09,SOLUSDT,bid,154,34198.0
2024-08-24 15:37:09,SOLUSDT,bid,154,34208.0
2024-08-24 15:37:10,SOLUSDT,bid,154,34208.0
2024-08-24 15:37:10,SOLUSDT,bid,154,34205.0
2024-08-24 15:37:10,SOLUSDT,bid,154,34155.0
2024-08-24 15:37:11,SOLUSDT,bid,154,34195.0
2024-08-24 15:37:11,SOLUSDT,bid,154,34168.0
2024-08-24 15:37:11,SOLUSDT,bid,154,34126.0
2024-08-24 15:37:11,SOLUSDT,bid,154,34076.0
2024-08-24 15:37:11,SOLUSDT,bid,154,34126.0
2024-08-24 15:37:12,SOLUSDT,bid,154,34076.0
2024-08-24 15:37:12,SOLUSDT,bid,154,34126.0
2024-08-24 15:37:12,SOLUSDT,bid,154,34076.0
2024-08-24 15:37:12,SOLUSDT,bid,154,34126.0
2024-08-24 15:37:13,SOLUSDT,bid,154,34126.0
2024-08-24 15:37:13,SOLUSDT,bid,154,34138.0
2024-08-24 15:37:13,SOLUSDT,bid,154,34128.0
2024-08-24 15:37:13,SOLUSDT,bid,154,34128.0
2024-08-24 15:37:14,SOLUSDT,bid,154,34078.0
2024-08-24 15:37:14,SOLUSDT,bid,154,34128.0
2024-08-24 15:37:14,SOLUSDT,bid,154,34128.0
2024-08-24 15:37:15,SOLUSDT,bid,154,34078.0
2024-08-24 15:37:15,SOLUSDT,bid,154,34128.0
2024-08-24 15:37:15,SOLUSDT,bid,154,34515.0
2024-08-24 15:37:16,SOLUSDT,bid,154,34515.0
2024-08-24 15:37:16,SOLUSDT,bid,154,34515.0
2024-08-24 15:37:17,SOLUSDT,bid,154,34515.0
2024-08-24 15:37:17,SOLUSDT,bid,154,34611.0
2024-08-24 15:37:17,SOLUSDT,bid,154,34611.0
2024-08-24 15:37:17,SOLUSDT,bid,154,34515.0
2024-08-24 15:37:18,SOLUSDT,bid,154,34465.0
2024-08-24 15:37:18,SOLUSDT,bid,154,34515.0
2024-08-24 15:37:18,SOLUSDT,bid,154,34440.0
2024-08-24 15:37:18,SOLUSDT,bid,154,34490.0
2024-08-24 15:37:19,SOLUSDT,bid,154,34440.0
2024-08-24 15:37:19,SOLUSDT,bid,154,34449.0
2024-08-24 15:37:19,SOLUSDT,bid,154,34610.0
2024-08-24 15:37:20,SOLUSDT,bid,154,34692.0
2024-08-24 15:37:20,SOLUSDT,bid,154,34531.0
2024-08-24 15:37:20,SOLUSDT,bid,154,34601.0
2024-08-24 15:37:20,SOLUSDT,bid,154,34440.0
2024-08-24 15:37:20,SOLUSDT,bid,154,34421.0
2024-08-24 15:37:21,SOLUSDT,bid,154,34582.0
2024-08-24 15:37:22,SOLUSDT,bid,154,34601.0
2024-08-24 15:37:22,SOLUSDT,bid,154,34601.0
2024-08-24 15:37:23,SOLUSDT,bid,154,34605.0
2024-08-24 15:37:23,SOLUSDT,bid,154,34601.0
2024-08-24 15:37:24,SOLUSDT,bid,154,34605.0
2024-08-24 15:37:28,SOLUSDT,bid,154,34605.0
2024-08-24 15:37:28,SOLUSDT,bid,154,34609.0
2024-08-24 15:37:29,SOLUSDT,bid,154,34605.0
2024-08-24 15:37:30,SOLUSDT,bid,154,34609.0
2024-08-24 15:37:30,SOLUSDT,bid,154,34605.0
2024-08-24 15:37:31,SOLUSDT,bid,154,34586.0
2024-08-24 15:37:32,SOLUSDT,bid,154,34587.0
2024-08-24 15:37:38,SOLUSDT,bid,154,34586.0
2024-08-24 15:37:47,SOLUSDT,bid,154,32946.0
2024-08-24 15:37:48,SOLUSDT,bid,154,32952.0
2024-08-24 15:37:49,SOLUSDT,bid,154,32590.0
2024-08-24 15:37:49,SOLUSDT,bid,154,32400.0
2024-08-24 15:37:49,SOLUSDT,bid,154,32403.0
2024-08-24 15:37:49,SOLUSDT,bid,154,32406.0
2024-08-24 15:37:49,SOLUSDT,bid,154,32398.0
2024-08-24 15:37:49,SOLUSDT,bid,154,32401.0
2024-08-24 15:37:49,SOLUSDT,bid,154,32402.0
2024-08-24 15:37:49,SOLUSDT,bid,154,32399.0
2024-08-24 15:37:49,SOLUSDT,bid,154,32434.0
2024-08-24 15:37:50,SOLUSDT,bid,154,32420.0
2024-08-24 15:37:50,SOLUSDT,bid,154,32418.0
2024-08-24 15:37:50,SOLUSDT,bid,154,32428.0
2024-08-24 15:37:50,SOLUSDT,bid,154,32434.0
2024-08-24 15:37:51,SOLUSDT,bid,154,32401.0
2024-08-24 15:37:51,SOLUSDT,bid,154,32399.0
2024-08-24 15:37:51,SOLUSDT,bid,154,32471.0
2024-08-24 15:37:51,SOLUSDT,bid,154,32392.0
2024-08-24 15:37:52,SOLUSDT,bid,154,32393.0
2024-08-24 15:49:51,SOLUSDT,ask,175,29136.0
2024-08-24 16:16:31,SOLUSDT,ask,190,42860.0
2024-08-24 16:20:19,SOLUSDT,ask,175,29135.0
2024-08-24 16:20:19,SOLUSDT,ask,176,28962.0
2024-08-24 16:20:19,SOLUSDT,ask,178,35788.0
2024-08-24 16:20:46,SOLUSDT,ask,190,42857.0
2024-08-24 16:26:57,SOLUSDT,ask,175,29139.0
2024-08-24 16:27:56,SOLUSDT,ask,175,29140.0
2024-08-24 16:28:10,SOLUSDT,ask,176,28963.0
2024-08-24 16:28:35,SOLUSDT,ask,178,35789.0
2024-08-24 16:39:26,SOLUSDT,ask,178,35787.0
2024-08-24 16:40:02,SOLUSDT,ask,178,35813.0
2024-08-24 16:43:01,SOLUSDT,ask,178,35814.0
2024-08-24 16:44:18,SOLUSDT,ask,175,29143.0
2024-08-24 16:46:12,SOLUSDT,ask,190,42870.0
2024-08-24 16:47:25,SOLUSDT,bid,155,61581.0
2024-08-24 16:47:25,SOLUSDT,bid,155,61576.0
2024-08-24 16:47:26,SOLUSDT,bid,155,61582.0
2024-08-24 16:47:26,SOLUSDT,bid,155,61583.0
2024-08-24 16:47:33,SOLUSDT,bid,155,61582.0
2024-08-24 16:47:35,SOLUSDT,bid,155,61574.0
2024-08-24 16:47:35,SOLUSDT,bid,155,61571.0
2024-08-24 16:47:37,SOLUSDT,bid,155,61546.0
2024-08-24 16:47:42,SOLUSDT,bid,155,61549.0
2024-08-24 16:47:43,SOLUSDT,bid,155,61546.0
2024-08-24 16:47:48,SOLUSDT,bid,155,61548.0
2024-08-24 16:47:50,SOLUSDT,bid,155,61550.0
2024-08-24 16:47:55,SOLUSDT,bid,155,61553.0
2024-08-24 16:47:56,SOLUSDT,bid,155,61550.0
2024-08-24 16:47:56,SOLUSDT,bid,155,61590.0
2024-08-24 16:47:57,SOLUSDT,bid,155,61593.0
2024-08-24 16:47:57,SOLUSDT,bid,155,61590.0
2024-08-24 16:47:58,SOLUSDT,bid,155,61593.0
2024-08-24 16:48:03,SOLUSDT,bid,155,61594.0
2024-08-24 16:48:10,SOLUSDT,bid,155,61591.0
2024-08-24 16:48:10,SOLUSDT,bid,155,61594.0
2024-08-24 16:48:11,SOLUSDT,bid,155,61591.0
2024-08-24 16:48:17,SOLUSDT,bid,155,61590.0
2024-08-24 16:48:17,SOLUSDT,bid,155,61630.0
2024-08-24 16:48:19,SOLUSDT,bid,155,61670.0
2024-08-24 16:48:19,SOLUSDT,bid,155,61750.0
2024-08-24 16:48:19,SOLUSDT,bid,155,61790.0
2024-08-24 16:48:31,SOLUSDT,bid,155,61870.0
2024-08-24 16:48:36,SOLUSDT,bid,155,61869.0
2024-08-24 16:48:37,SOLUSDT,bid,155,61549.0
2024-08-24 16:48:43,SOLUSDT,bid,155,61548.0
2024-08-24 16:48:45,SOLUSDT,bid,155,61546.0
2024-08-24 16:48:45,SOLUSDT,bid,155,61549.0
2024-08-24 16:48:45,SOLUSDT,bid,155,61548.0
2024-08-24 16:48:49,SOLUSDT,bid,155,61546.0
2024-08-24 16:48:50,SOLUSDT,bid,155,61548.0
2024-08-24 16:49:08,SOLUSDT,bid,155,61546.0
2024-08-24 16:49:26,SOLUSDT,bid,155,61547.0
2024-08-24 16:49:27,SOLUSDT,bid,155,61546.0
2024-08-24 16:50:55,SOLUSDT,ask,178,35788.0
2024-08-24 16:51:31,SOLUSDT,bid,155,61547.0
2024-08-24 16:52:00,SOLUSDT,bid,155,61548.0
2024-08-24 16:52:01,SOLUSDT,bid,155,61547.0
2024-08-24 16:52:49,SOLUSDT,bid,155,61481.0
2024-08-24 16:52:52,SOLUSDT,bid,155,61493.0
2024-08-24 16:52:52,SOLUSDT,bid,155,61493.0
2024-08-24 16:52:52,SOLUSDT,bid,155,61481.0
2024-08-24 16:55:10,SOLUSDT,bid,155,61483.0
2024-08-24 16:55:14,SOLUSDT,bid,155,61487.0
2024-08-24 16:55:44,SOLUSDT,ask,178,35789.0
2024-08-24 16:58:14,SOLUSDT,bid,155,61483.0
2024-08-24 16:59:23,SOLUSDT,bid,155,61482.0
2024-08-24 16:59:26,SOLUSDT,bid,155,61483.0
2024-08-24 16:59:26,SOLUSDT,bid,155,61482.0
2024-08-24 16:59:28,SOLUSDT,ask,190,42871.0
2024-08-24 16:59:44,SOLUSDT,bid,155,61497.0
2024-08-24 17:00:59,SOLUSDT,bid,155,61498.0
2024-08-24 17:02:16,SOLUSDT,bid,155,61530.0
2024-08-24 17:02:30,SOLUSDT,ask,175,29157.0
2024-08-24 17:02:35,SOLUSDT,ask,190,42853.0
2024-08-24 17:03:14,SOLUSDT,ask,175,29158.0
2024-08-24 17:03:19,SOLUSDT,ask,176,28965.0
2024-08-24 17:03:59,SOLUSDT,ask,178,35790.0
2024-08-24 17:05:17,SOLUSDT,bid,158,31973.0
2024-08-24 17:05:17,SOLUSDT,bid,158,31920.0
2024-08-24 17:05:18,SOLUSDT,bid,158,32237.0
2024-08-24 17:05:19,SOLUSDT,bid,158,32168.0
2024-08-24 17:05:19,SOLUSDT,bid,158,32116.0
2024-08-24 17:05:19,SOLUSDT,bid,158,32125.0
2024-08-24 17:05:19,SOLUSDT,bid,158,32190.0
2024-08-24 17:05:19,SOLUSDT,bid,158,32187.0
2024-08-24 17:05:21,SOLUSDT,bid,158,32125.0
2024-08-24 17:05:21,SOLUSDT,bid,158,32106.0
2024-08-24 17:05:23,SOLUSDT,bid,158,32106.0
2024-08-24 17:05:24,SOLUSDT,bid,158,32112.0
2024-08-24 17:05:24,SOLUSDT,bid,158,32117.0
2024-08-24 17:05:24,SOLUSDT,bid,158,32109.0
2024-08-24 17:05:25,SOLUSDT,bid,158,32109.0
2024-08-24 17:05:25,SOLUSDT,bid,158,32173.0
2024-08-24 17:05:25,SOLUSDT,bid,158,32111.0
2024-08-24 17:05:25,SOLUSDT,bid,158,32109.0
2024-08-24 17:05:26,SOLUSDT,bid,158,32099.0
2024-08-24 17:05:28,SOLUSDT,bid,158,32102.0
2024-08-24 17:05:29,SOLUSDT,bid,158,32136.0
2024-08-24 17:05:29,SOLUSDT,bid,158,32065.0
2024-08-24 17:05:29,SOLUSDT,bid,158,32074.0
2024-08-24 17:05:30,SOLUSDT,bid,158,32066.0
2024-08-24 17:05:30,SOLUSDT,bid,158,32091.0
2024-08-24 17:05:30,SOLUSDT,bid,158,32063.0
2024-08-24 17:05:30,SOLUSDT,bid,158,32060.0
2024-08-24 17:05:32,SOLUSDT,bid,158,32060.0
2024-08-24 17:05:33,SOLUSDT,bid,158,32060.0
2024-08-24 17:05:33,SOLUSDT,bid,158,32160.0
2024-08-24 17:05:33,SOLUSDT,bid,158,32060.0
2024-08-24 17:05:33,SOLUSDT,bid,158,32110.0
2024-08-24 17:05:34,SOLUSDT,bid,158,32110.0
2024-08-24 17:05:34,SOLUSDT,bid,158,32060.0
2024-08-24 17:05:34,SOLUSDT,bid,158,32110.0
2024-08-24 17:05:34,SOLUSDT,bid,158,32060.0
2024-08-24 17:05:34,SOLUSDT,bid,158,32066.0
2024-08-24 17:05:36,SOLUSDT,bid,158,32066.0
2024-08-24 17:05:36,SOLUSDT,bid,158,32066.0
2024-08-24 17:05:36,SOLUSDT,bid,158,32101.0
2024-08-24 17:05:38,SOLUSDT,bid,158,32151.0
2024-08-24 17:05:38,SOLUSDT,bid,158,32309.0
2024-08-24 17:05:38,SOLUSDT,bid,158,32310.0
2024-08-24 17:05:38,SOLUSDT,bid,158,32152.0
2024-08-24 17:05:38,SOLUSDT,bid,158,32152.0
2024-08-24 17:05:39,SOLUSDT,bid,158,32101.0
2024-08-24 17:05:42,SOLUSDT,bid,158,32116.0
2024-08-24 17:05:42,SOLUSDT,bid,158,32116.0
2024-08-24 17:05:42,SOLUSDT,bid,158,32116.0
2024-08-24 17:05:43,SOLUSDT,bid,158,32144.0
2024-08-24 17:05:43,SOLUSDT,bid,158,32094.0
2024-08-24 17:05:43,SOLUSDT,bid,158,32066.0
2024-08-24 17:05:44,SOLUSDT,bid,158,32060.0
2024-08-24 17:05:45,SOLUSDT,bid,158,32069.0
2024-08-24 17:05:45,SOLUSDT,bid,158,32060.0
2024-08-24 17:05:45,SOLUSDT,bid,158,32218.0
2024-08-24 17:05:45,SOLUSDT,bid,158,32060.0
2024-08-24 17:05:45,SOLUSDT,bid,158,32079.0
2024-08-24 17:05:46,SOLUSDT,bid,158,32089.0
2024-08-24 17:05:46,SOLUSDT,bid,158,32061.0
2024-08-24 17:05:47,SOLUSDT,bid,158,32220.0
2024-08-24 17:05:48,SOLUSDT,bid,158,32219.0
2024-08-24 17:05:48,SOLUSDT,bid,158,32061.0
2024-08-24 17:05:49,SOLUSDT,bid,158,32092.0
2024-08-24 17:05:50,SOLUSDT,bid,158,32061.0
2024-08-24 17:05:50,SOLUSDT,bid,158,32089.0
2024-08-24 17:05:50,SOLUSDT,bid,158,32092.0
2024-08-24 17:05:51,SOLUSDT,bid,158,32064.0
2024-08-24 17:05:51,SOLUSDT,bid,158,32061.0
2024-08-24 17:05:51,SOLUSDT,bid,158,32064.0
2024-08-24 17:05:52,SOLUSDT,bid,158,32067.0
2024-08-24 17:05:52,SOLUSDT,bid,158,32061.0
2024-08-24 17:05:52,SOLUSDT,bid,158,32067.0
2024-08-24 17:05:53,SOLUSDT,bid,158,32061.0
2024-08-24 17:13:08,SOLUSDT,ask,175,29159.0
2024-08-24 17:17:17,SOLUSDT,ask,175,29169.0
2024-08-24 17:18:24,SOLUSDT,ask,190,42848.0
2024-08-24 17:27:53,SOLUSDT,ask,175,29168.0
2024-08-24 17:27:53,SOLUSDT,ask,190,42847.0
2024-08-24 17:29:53,SOLUSDT,ask,175,29176.0
2024-08-24 17:33:44,SOLUSDT,ask,175,29177.0
2024-08-24 17:34:28,SOLUSDT,ask,175,29179.0
2024-08-24 17:35:51,SOLUSDT,ask,176,28964.0
2024-08-24 17:35:51,SOLUSDT,ask,190,42846.0
2024-08-24 17:42:20,SOLUSDT,ask,190,42849.0
2024-08-24 17:44:12,SOLUSDT,ask,175,29180.0
2024-08-24 17:58:00,SOLUSDT,ask,175,29181.0
2024-08-24 17:58:15,SOLUSDT,ask,178,35802.0
2024-08-24 17:59:11,SOLUSDT,ask,178,35803.0
2024-08-24 18:03:44,SOLUSDT,ask,175,29182.0
2024-08-24 18:03:51,SOLUSDT,ask,175,29192.0
2024-08-24 18:05:01,SOLUSDT,ask,178,35804.0
2024-08-24 18:06:27,SOLUSDT,ask,176,28962.0
2024-08-24 18:21:12,SOLUSDT,ask,175,29193.0
2024-08-24 18:26:07,SOLUSDT,ask,176,28959.0
2024-08-24 18:26:07,SOLUSDT,ask,178,35801.0
2024-08-24 18:28:22,SOLUSDT,ask,175,29197.0
2024-08-24 18:29:41,SOLUSDT,ask,176,28961.0
2024-08-24 18:29:41,SOLUSDT,ask,178,35803.0
2024-08-24 18:30:23,SOLUSDT,ask,175,29199.0
2024-08-24 18:41:39,SOLUSDT,ask,175,29198.0
2024-08-24 18:45:56,SOLUSDT,ask,175,29200.0
2024-08-24 18:57:42,SOLUSDT,ask,175,29198.0
2024-08-24 19:00:25,SOLUSDT,ask,175,29200.0
2024-08-24 19:07:17,SOLUSDT,ask,175,29199.0
2024-08-24 19:18:35,SOLUSDT,ask,175,29201.0
2024-08-24 19:22:13,SOLUSDT,ask,175,29199.0
2024-08-24 19:22:22,SOLUSDT,ask,175,29201.0
2024-08-24 19:23:36,SOLUSDT,ask,175,29228.0
2024-08-24 19:25:28,SOLUSDT,ask,175,29229.0
2024-08-24 19:42:13,SOLUSDT,ask,175,29230.0
2024-08-24 19:42:52,SOLUSDT,ask,175,29232.0
2024-08-24 19:46:35,SOLUSDT,ask,175,29218.0
2024-08-24 20:07:34,SOLUSDT,ask,175,29219.0
2024-08-24 20:17:51,SOLUSDT,ask,176,28542.0
2024-08-24 20:22:47,SOLUSDT,ask,175,29216.0
2024-08-24 20:46:53,SOLUSDT,ask,175,29189.0
2024-08-24 20:50:15,SOLUSDT,ask,175,29187.0
2024-08-24 20:52:11,SOLUSDT,ask,176,28546.0
2024-08-24 20:56:26,SOLUSDT,ask,175,29198.0
2024-08-24 21:26:35,SOLUSDT,ask,178,35800.0
2024-08-24 21:29:23,SOLUSDT,ask,175,29187.0
2024-08-24 21:47:52,SOLUSDT,ask,175,29188.0
2024-08-24 21:50:57,SOLUSDT,ask,175,31688.0
2024-08-24 21:57:41,SOLUSDT,ask,175,31720.0
2024-08-24 21:58:03,SOLUSDT,ask,175,31721.0
2024-08-24 21:58:38,SOLUSDT,ask,175,31720.0
2024-08-24 22:17:52,SOLUSDT,ask,175,31721.0
2024-08-24 22:28:10,SOLUSDT,ask,175,31722.0
2024-08-24 22:28:10,SOLUSDT,ask,176,28545.0
2024-08-24 22:28:10,SOLUSDT,ask,178,35799.0
2024-08-24 22:30:47,SOLUSDT,ask,175,31727.0
2024-08-24 22:33:11,SOLUSDT,ask,175,31695.0
2024-08-24 22:35:04,SOLUSDT,ask,175,31694.0
2024-08-24 22:36:08,SOLUSDT,ask,175,31696.0
2024-08-24 22:36:26,SOLUSDT,ask,175,31711.0
2024-08-24 22:36:53,SOLUSDT,ask,175,31696.0
2024-08-24 22:36:54,SOLUSDT,ask,175,31694.0
2024-08-24 22:47:34,SOLUSDT,ask,175,31703.0
2024-08-24 22:48:11,SOLUSDT,ask,175,31705.0
2024-08-24 22:57:02,SOLUSDT,ask,175,31695.0
2024-08-24 23:05:01,SOLUSDT,ask,175,31695.0
2024-08-24 23:07:23,SOLUSDT,ask,175,31709.0
