2024-09-05 07:00:36,ETHUSDT,bid,1960,5283.406
2024-09-05 07:00:36,ETHUSDT,bid,1960,5283.304
2024-09-05 07:00:37,ETHUSDT,bid,1960,5283.304
2024-09-05 07:00:37,ETHUSDT,bid,1960,5283.406
2024-09-05 07:00:37,ETHUSDT,bid,1960,5283.304
2024-09-05 07:00:38,ETHUSDT,bid,1960,5283.406
2024-09-05 07:00:38,ETHUSDT,bid,1960,5283.304
2024-09-05 07:00:39,ETHUSDT,bid,1960,5283.406
2024-09-05 07:00:39,ETHUSDT,bid,1960,5283.304
2024-09-05 07:00:40,ETHUSDT,bid,1960,5283.406
2024-09-05 07:00:40,ETHUSDT,bid,1960,5283.304
2024-09-05 07:00:41,ETHUSDT,bid,1960,5283.406
2024-09-05 07:00:41,ETHUSDT,bid,1960,5283.304
2024-09-05 07:00:42,ETHUSDT,bid,1960,5283.406
2024-09-05 07:00:42,ETHUSDT,bid,1960,5283.304
2024-09-05 07:00:42,ETHUSDT,bid,1960,5283.304
2024-09-05 07:00:43,ETHUSDT,bid,2350,5467.16
2024-09-05 07:00:43,ETHUSDT,bid,1960,5283.304
2024-09-05 07:00:44,ETHUSDT,bid,1960,5283.304
2024-09-05 07:00:45,ETHUSDT,bid,1960,5283.304
2024-09-05 07:00:45,ETHUSDT,bid,1960,5283.304
2024-09-05 07:00:46,ETHUSDT,bid,1960,5283.304
2024-09-05 07:01:03,ETHUSDT,bid,2330,4579.96
2024-09-05 07:01:12,ETHUSDT,bid,2350,5466.16
2024-09-05 07:01:15,ETHUSDT,ask,2480,4233.755
2024-09-05 07:01:25,ETHUSDT,ask,2480,4231.404
2024-09-05 07:01:50,ETHUSDT,bid,2350,5465.948
2024-09-05 07:02:01,ETHUSDT,ask,2480,4233.428
2024-09-05 07:02:26,ETHUSDT,bid,2330,4579.981
2024-09-05 07:02:53,ETHUSDT,ask,2480,4233.628
2024-09-05 07:04:40,ETHUSDT,ask,2480,4234.432
2024-09-05 07:05:11,ETHUSDT,bid,2350,5466.948
2024-09-05 07:07:11,ETHUSDT,ask,2480,4233.632
2024-09-05 07:08:03,ETHUSDT,bid,2350,5468.948
2024-09-05 07:08:44,ETHUSDT,bid,2140,4943.475
2024-09-05 07:08:55,ETHUSDT,bid,2350,5470.948
2024-09-05 07:09:02,ETHUSDT,bid,2350,5471.156
2024-09-05 07:09:08,ETHUSDT,bid,2370,4364.689
2024-09-05 07:09:17,ETHUSDT,ask,2480,4234.617
2024-09-05 07:09:37,ETHUSDT,bid,2370,4364.781
2024-09-05 07:09:52,ETHUSDT,ask,2480,4234.034
2024-09-05 07:10:03,ETHUSDT,bid,2350,5471.029
2024-09-05 07:10:10,ETHUSDT,bid,2330,4580.978
2024-09-05 07:11:26,ETHUSDT,ask,2480,4213.523
2024-09-05 07:11:47,ETHUSDT,ask,2480,4213.714
2024-09-05 07:14:20,ETHUSDT,bid,2350,5470.383
2024-09-05 07:14:53,ETHUSDT,bid,2350,5470.415
2024-09-05 07:15:38,ETHUSDT,bid,2350,5420.415
2024-09-05 07:17:02,ETHUSDT,bid,2350,5422.542
2024-09-05 07:18:01,ETHUSDT,bid,2350,5425.542
2024-09-05 07:18:05,ETHUSDT,bid,2330,4580.896
2024-09-05 07:18:07,ETHUSDT,bid,2370,4364.571
2024-09-05 07:18:44,ETHUSDT,bid,2350,5466.529
2024-09-05 07:18:57,ETHUSDT,bid,2350,5466.829
2024-09-05 07:21:06,ETHUSDT,ask,2590,5817.627
2024-09-05 07:22:20,ETHUSDT,bid,2350,5466.999
2024-09-05 07:22:35,ETHUSDT,bid,2350,5467.008
2024-09-05 07:22:35,ETHUSDT,bid,2370,4364.58
2024-09-05 07:22:54,ETHUSDT,bid,2370,4366.9
2024-09-05 07:23:54,ETHUSDT,bid,2330,4580.911
2024-09-05 07:23:54,ETHUSDT,bid,2350,5467.023
2024-09-05 07:23:54,ETHUSDT,bid,2370,4366.915
2024-09-05 07:23:59,ETHUSDT,bid,2330,4580.89
2024-09-05 07:25:23,ETHUSDT,ask,2570,3901.877
2024-09-05 07:26:50,ETHUSDT,ask,2570,3902.361
2024-09-05 07:26:53,ETHUSDT,bid,2350,5467.014
2024-09-05 07:26:53,ETHUSDT,bid,2370,4366.906
2024-09-05 07:26:57,ETHUSDT,bid,2350,5464.887
2024-09-05 07:27:29,ETHUSDT,bid,2350,5464.845
2024-09-05 07:28:25,ETHUSDT,ask,2570,3901.877
2024-09-05 07:29:05,ETHUSDT,bid,2350,5458.785
2024-09-05 07:30:06,ETHUSDT,bid,2450,4083.035
2024-09-05 07:30:19,ETHUSDT,bid,2450,4081.182
2024-09-05 07:30:41,ETHUSDT,bid,2140,4945.408
2024-09-05 07:31:02,ETHUSDT,bid,2450,4081.308
2024-09-05 07:31:25,ETHUSDT,bid,2450,4304.67
2024-09-05 07:31:47,ETHUSDT,bid,2450,4119.021
2024-09-05 07:31:50,ETHUSDT,bid,2450,4119.373
2024-09-05 07:32:13,ETHUSDT,bid,2330,4580.845
2024-09-05 07:32:39,ETHUSDT,bid,1700,6032.787
2024-09-05 07:33:14,ETHUSDT,bid,2200,6497.863
2024-09-05 07:35:12,ETHUSDT,bid,1700,6033.057
2024-09-05 07:36:01,ETHUSDT,bid,2350,5468.417
2024-09-05 07:36:01,ETHUSDT,bid,2350,5529.897
2024-09-05 07:36:01,ETHUSDT,bid,2350,5589.399
2024-09-05 07:36:02,ETHUSDT,bid,2350,5610.537
2024-09-05 07:37:00,ETHUSDT,bid,2350,5600.905
2024-09-05 07:37:00,ETHUSDT,bid,2350,5535.347
2024-09-05 07:37:00,ETHUSDT,bid,2350,5458.785
2024-09-05 07:39:49,ETHUSDT,bid,1700,6032.787
2024-09-05 07:40:11,ETHUSDT,bid,2370,4365.634
2024-09-05 07:40:23,ETHUSDT,ask,2570,3893.659
2024-09-05 07:41:09,ETHUSDT,bid,2330,4580.935
2024-09-05 07:41:09,ETHUSDT,bid,2350,5458.874
2024-09-05 07:41:09,ETHUSDT,bid,2370,4365.722
2024-09-05 07:41:19,ETHUSDT,bid,2350,5459.086
2024-09-05 07:41:48,ETHUSDT,bid,2350,5456.202
2024-09-05 07:42:33,ETHUSDT,bid,2350,5457.883
2024-09-05 07:42:54,ETHUSDT,bid,2370,4368.83
2024-09-05 07:46:05,ETHUSDT,bid,2370,4368.871
2024-09-05 07:47:09,ETHUSDT,bid,2350,5467.939
2024-09-05 07:48:15,ETHUSDT,ask,2590,5827.627
2024-09-05 07:50:08,ETHUSDT,bid,2350,5467.239
2024-09-05 07:50:29,ETHUSDT,bid,2330,4580.435
2024-09-05 07:50:30,ETHUSDT,bid,2350,5466.739
2024-09-05 07:51:27,ETHUSDT,bid,2350,5466.515
2024-09-05 07:54:34,ETHUSDT,bid,2350,5466.525
2024-09-05 07:56:07,ETHUSDT,bid,2370,4366.652
2024-09-05 07:56:39,ETHUSDT,bid,2330,4580.485
2024-09-05 07:57:24,ETHUSDT,bid,2330,4580.914
2024-09-05 07:59:39,ETHUSDT,bid,2350,5466.526
2024-09-05 07:59:58,ETHUSDT,bid,2350,5461.526
2024-09-05 08:00:06,ETHUSDT,bid,2370,4367.916
2024-09-05 08:01:10,ETHUSDT,bid,2350,5464.526
2024-09-05 08:01:21,ETHUSDT,bid,2370,4367.917
2024-09-05 08:01:23,ETHUSDT,bid,2370,4365.597
2024-09-05 08:01:38,ETHUSDT,bid,2350,5464.776
2024-09-05 08:01:43,ETHUSDT,bid,2350,5454.776
2024-09-05 08:01:48,ETHUSDT,bid,2370,4364.333
2024-09-05 08:02:04,ETHUSDT,bid,2370,4364.543
2024-09-05 08:05:11,ETHUSDT,bid,2370,4364.542
2024-09-05 08:05:23,ETHUSDT,bid,2350,5454.806
2024-09-05 08:06:04,ETHUSDT,bid,2350,5454.856
2024-09-05 08:06:16,ETHUSDT,bid,2350,5454.806
2024-09-05 08:07:11,ETHUSDT,bid,2370,4364.563
2024-09-05 08:09:40,ETHUSDT,bid,2350,5454.797
2024-09-05 08:09:48,ETHUSDT,bid,2330,4585.193
2024-09-05 08:11:09,ETHUSDT,bid,2350,5455.222
2024-09-05 08:11:15,ETHUSDT,bid,2350,5455.25
2024-09-05 08:11:44,ETHUSDT,bid,2350,5458.25
2024-09-05 08:11:47,ETHUSDT,bid,2350,5458.424
2024-09-05 08:13:00,ETHUSDT,bid,2330,4585.231
2024-09-05 08:13:41,ETHUSDT,bid,2330,4585.258
2024-09-05 08:15:02,ETHUSDT,bid,2330,4584.615
2024-09-05 08:15:09,ETHUSDT,bid,2350,5458.174
2024-09-05 08:15:56,ETHUSDT,bid,2330,4584.938
2024-09-05 08:17:33,ETHUSDT,bid,2350,5458.599
2024-09-05 08:17:34,ETHUSDT,bid,2350,5459.599
2024-09-05 08:19:21,ETHUSDT,bid,2350,5459.952
2024-09-05 08:19:36,ETHUSDT,bid,2370,4364.914
2024-09-05 08:20:07,ETHUSDT,bid,2200,4541.198
2024-09-05 08:20:07,ETHUSDT,bid,2200,4541.188
2024-09-05 08:20:08,ETHUSDT,bid,2200,4541.198
2024-09-05 08:20:08,ETHUSDT,bid,2200,4541.198
2024-09-05 08:20:09,ETHUSDT,bid,2200,4541.208
2024-09-05 08:20:10,ETHUSDT,bid,2200,4541.208
2024-09-05 08:20:10,ETHUSDT,bid,2200,4541.208
2024-09-05 08:20:11,ETHUSDT,bid,2200,4541.208
2024-09-05 08:20:12,ETHUSDT,bid,2200,4541.218
2024-09-05 08:20:12,ETHUSDT,bid,2200,4541.228
2024-09-05 08:20:12,ETHUSDT,bid,2200,4541.218
2024-09-05 08:20:12,ETHUSDT,bid,2200,4541.228
2024-09-05 08:20:51,ETHUSDT,bid,2200,4541.228
2024-09-05 08:20:51,ETHUSDT,bid,2200,4541.238
2024-09-05 08:20:52,ETHUSDT,bid,2200,4541.238
2024-09-05 08:20:53,ETHUSDT,bid,2200,4541.248
2024-09-05 08:20:53,ETHUSDT,bid,2200,4541.248
2024-09-05 08:20:54,ETHUSDT,bid,2200,4541.258
2024-09-05 08:20:54,ETHUSDT,bid,2200,4541.258
2024-09-05 08:20:55,ETHUSDT,bid,2200,4541.268
2024-09-05 08:20:55,ETHUSDT,bid,2200,4541.268
2024-09-05 08:20:56,ETHUSDT,bid,2200,4541.268
2024-09-05 08:20:56,ETHUSDT,bid,2200,4541.278
2024-09-05 08:20:57,ETHUSDT,bid,2200,4541.288
2024-09-05 08:20:57,ETHUSDT,bid,2200,4541.298
2024-09-05 08:20:58,ETHUSDT,bid,2200,4541.298
2024-09-05 08:20:59,ETHUSDT,bid,2200,4541.298
2024-09-05 08:20:59,ETHUSDT,bid,2200,4541.308
2024-09-05 08:20:59,ETHUSDT,bid,2200,4541.318
2024-09-05 08:20:59,ETHUSDT,bid,2200,4541.328
2024-09-05 08:20:59,ETHUSDT,bid,2200,4541.338
2024-09-05 08:21:01,ETHUSDT,bid,2200,4541.338
2024-09-05 08:21:18,ETHUSDT,bid,2200,4541.328
2024-09-05 08:21:19,ETHUSDT,bid,2200,4541.318
2024-09-05 08:21:21,ETHUSDT,bid,2200,4541.308
2024-09-05 08:21:22,ETHUSDT,bid,2200,4541.298
2024-09-05 08:21:41,ETHUSDT,bid,2200,4541.288
2024-09-05 08:21:42,ETHUSDT,bid,2200,4541.278
2024-09-05 08:21:43,ETHUSDT,bid,2200,4541.268
2024-09-05 08:21:43,ETHUSDT,bid,2200,4541.258
2024-09-05 08:21:43,ETHUSDT,bid,2200,4541.248
2024-09-05 08:21:44,ETHUSDT,bid,2200,4541.238
2024-09-05 08:21:44,ETHUSDT,bid,2200,4541.228
2024-09-05 08:21:45,ETHUSDT,bid,2200,4541.218
2024-09-05 08:21:45,ETHUSDT,bid,2200,4541.208
2024-09-05 08:21:45,ETHUSDT,bid,2200,4541.198
2024-09-05 08:21:46,ETHUSDT,bid,2200,4541.188
2024-09-05 08:23:59,ETHUSDT,bid,2350,5464.952
2024-09-05 08:25:43,ETHUSDT,bid,2350,5465.164
2024-09-05 08:26:05,ETHUSDT,bid,2370,4364.953
2024-09-05 08:26:47,ETHUSDT,bid,2350,5465.064
2024-09-05 08:28:47,ETHUSDT,bid,2370,4365.015
2024-09-05 08:30:39,ETHUSDT,bid,2350,5464.674
2024-09-05 08:30:41,ETHUSDT,bid,2330,4584.848
2024-09-05 08:30:41,ETHUSDT,bid,2350,5464.585
2024-09-05 08:30:41,ETHUSDT,bid,2370,4364.927
2024-09-05 08:32:03,ETHUSDT,bid,2350,5469.585
2024-09-05 08:32:39,ETHUSDT,bid,2350,5470.01
2024-09-05 08:33:15,ETHUSDT,bid,2330,4589.848
