2024-09-05 07:00:36,ETHUSDT,bid,1960,5283.406
2024-09-05 07:00:36,ETHUSDT,bid,1960,5283.304
2024-09-05 07:00:37,ETHUSDT,bid,1960,5283.304
2024-09-05 07:00:37,ETHUSDT,bid,1960,5283.406
2024-09-05 07:00:37,ETHUSDT,bid,1960,5283.304
2024-09-05 07:00:38,ETHUSDT,bid,1960,5283.406
2024-09-05 07:00:38,ETHUSDT,bid,1960,5283.304
2024-09-05 07:00:39,ETHUSDT,bid,1960,5283.406
2024-09-05 07:00:39,ETHUSDT,bid,1960,5283.304
2024-09-05 07:00:40,ETHUSDT,bid,1960,5283.406
2024-09-05 07:00:40,ETHUSDT,bid,1960,5283.304
2024-09-05 07:00:41,ETHUSDT,bid,1960,5283.406
2024-09-05 07:00:41,ETHUSDT,bid,1960,5283.304
2024-09-05 07:00:42,ETHUSDT,bid,1960,5283.406
2024-09-05 07:00:42,ETHUSDT,bid,1960,5283.304
2024-09-05 07:00:42,ETHUSDT,bid,1960,5283.304
2024-09-05 07:00:43,ETHUSDT,bid,2350,5467.16
2024-09-05 07:00:43,ETHUSDT,bid,1960,5283.304
2024-09-05 07:00:44,ETHUSDT,bid,1960,5283.304
2024-09-05 07:00:45,ETHUSDT,bid,1960,5283.304
2024-09-05 07:00:45,ETHUSDT,bid,1960,5283.304
2024-09-05 07:00:46,ETHUSDT,bid,1960,5283.304
2024-09-05 07:01:03,ETHUSDT,bid,2330,4579.96
2024-09-05 07:01:12,ETHUSDT,bid,2350,5466.16
2024-09-05 07:01:15,ETHUSDT,ask,2480,4233.755
2024-09-05 07:01:25,ETHUSDT,ask,2480,4231.404
2024-09-05 07:01:50,ETHUSDT,bid,2350,5465.948
2024-09-05 07:02:01,ETHUSDT,ask,2480,4233.428
2024-09-05 07:02:26,ETHUSDT,bid,2330,4579.981
2024-09-05 07:02:53,ETHUSDT,ask,2480,4233.628
2024-09-05 07:04:40,ETHUSDT,ask,2480,4234.432
2024-09-05 07:05:11,ETHUSDT,bid,2350,5466.948
2024-09-05 07:07:11,ETHUSDT,ask,2480,4233.632
2024-09-05 07:08:03,ETHUSDT,bid,2350,5468.948
2024-09-05 07:08:44,ETHUSDT,bid,2140,4943.475
2024-09-05 07:08:55,ETHUSDT,bid,2350,5470.948
2024-09-05 07:09:02,ETHUSDT,bid,2350,5471.156
2024-09-05 07:09:08,ETHUSDT,bid,2370,4364.689
2024-09-05 07:09:17,ETHUSDT,ask,2480,4234.617
2024-09-05 07:09:37,ETHUSDT,bid,2370,4364.781
2024-09-05 07:09:52,ETHUSDT,ask,2480,4234.034
2024-09-05 07:10:03,ETHUSDT,bid,2350,5471.029
2024-09-05 07:10:10,ETHUSDT,bid,2330,4580.978
2024-09-05 07:11:26,ETHUSDT,ask,2480,4213.523
2024-09-05 07:11:47,ETHUSDT,ask,2480,4213.714
2024-09-05 07:14:20,ETHUSDT,bid,2350,5470.383
2024-09-05 07:14:53,ETHUSDT,bid,2350,5470.415
2024-09-05 07:15:38,ETHUSDT,bid,2350,5420.415
2024-09-05 07:17:02,ETHUSDT,bid,2350,5422.542
2024-09-05 07:18:01,ETHUSDT,bid,2350,5425.542
2024-09-05 07:18:05,ETHUSDT,bid,2330,4580.896
2024-09-05 07:18:07,ETHUSDT,bid,2370,4364.571
2024-09-05 07:18:44,ETHUSDT,bid,2350,5466.529
2024-09-05 07:18:57,ETHUSDT,bid,2350,5466.829
2024-09-05 07:21:06,ETHUSDT,ask,2590,5817.627
2024-09-05 07:22:20,ETHUSDT,bid,2350,5466.999
2024-09-05 07:22:35,ETHUSDT,bid,2350,5467.008
2024-09-05 07:22:35,ETHUSDT,bid,2370,4364.58
2024-09-05 07:22:54,ETHUSDT,bid,2370,4366.9
2024-09-05 07:23:54,ETHUSDT,bid,2330,4580.911
2024-09-05 07:23:54,ETHUSDT,bid,2350,5467.023
2024-09-05 07:23:54,ETHUSDT,bid,2370,4366.915
2024-09-05 07:23:59,ETHUSDT,bid,2330,4580.89
2024-09-05 07:25:23,ETHUSDT,ask,2570,3901.877
2024-09-05 07:26:50,ETHUSDT,ask,2570,3902.361
2024-09-05 07:26:53,ETHUSDT,bid,2350,5467.014
2024-09-05 07:26:53,ETHUSDT,bid,2370,4366.906
2024-09-05 07:26:57,ETHUSDT,bid,2350,5464.887
2024-09-05 07:27:29,ETHUSDT,bid,2350,5464.845
2024-09-05 07:28:25,ETHUSDT,ask,2570,3901.877
2024-09-05 07:29:05,ETHUSDT,bid,2350,5458.785
2024-09-05 07:30:41,ETHUSDT,bid,2140,4945.408
2024-09-05 07:32:13,ETHUSDT,bid,2330,4580.845
2024-09-05 07:32:39,ETHUSDT,bid,1700,6032.787
2024-09-05 07:33:14,ETHUSDT,bid,2200,6497.863
2024-09-05 07:35:12,ETHUSDT,bid,1700,6033.057
2024-09-05 07:36:01,ETHUSDT,bid,2350,5468.417
2024-09-05 07:36:01,ETHUSDT,bid,2350,5529.897
2024-09-05 07:36:01,ETHUSDT,bid,2350,5589.399
2024-09-05 07:36:02,ETHUSDT,bid,2350,5610.537
2024-09-05 07:37:00,ETHUSDT,bid,2350,5600.905
2024-09-05 07:37:00,ETHUSDT,bid,2350,5535.347
2024-09-05 07:37:00,ETHUSDT,bid,2350,5458.785
2024-09-05 07:39:49,ETHUSDT,bid,1700,6032.787
2024-09-05 07:40:11,ETHUSDT,bid,2370,4365.634
2024-09-05 07:40:23,ETHUSDT,ask,2570,3893.659
2024-09-05 07:41:09,ETHUSDT,bid,2330,4580.935
2024-09-05 07:41:09,ETHUSDT,bid,2350,5458.874
2024-09-05 07:41:09,ETHUSDT,bid,2370,4365.722
2024-09-05 07:41:19,ETHUSDT,bid,2350,5459.086
2024-09-05 07:41:48,ETHUSDT,bid,2350,5456.202
2024-09-05 07:42:33,ETHUSDT,bid,2350,5457.883
2024-09-05 07:42:54,ETHUSDT,bid,2370,4368.83
2024-09-05 07:46:05,ETHUSDT,bid,2370,4368.871
2024-09-05 07:47:09,ETHUSDT,bid,2350,5467.939
2024-09-05 07:48:15,ETHUSDT,ask,2590,5827.627
2024-09-05 07:50:08,ETHUSDT,bid,2350,5467.239
2024-09-05 07:50:29,ETHUSDT,bid,2330,4580.435
2024-09-05 07:50:30,ETHUSDT,bid,2350,5466.739
2024-09-05 07:51:27,ETHUSDT,bid,2350,5466.515
2024-09-05 07:54:34,ETHUSDT,bid,2350,5466.525
2024-09-05 07:56:07,ETHUSDT,bid,2370,4366.652
2024-09-05 07:56:39,ETHUSDT,bid,2330,4580.485
2024-09-05 07:57:24,ETHUSDT,bid,2330,4580.914
2024-09-05 07:59:39,ETHUSDT,bid,2350,5466.526
2024-09-05 07:59:58,ETHUSDT,bid,2350,5461.526
2024-09-05 08:00:06,ETHUSDT,bid,2370,4367.916
2024-09-05 08:01:10,ETHUSDT,bid,2350,5464.526
2024-09-05 08:01:21,ETHUSDT,bid,2370,4367.917
2024-09-05 08:01:23,ETHUSDT,bid,2370,4365.597
2024-09-05 08:01:38,ETHUSDT,bid,2350,5464.776
2024-09-05 08:01:43,ETHUSDT,bid,2350,5454.776
2024-09-05 08:01:48,ETHUSDT,bid,2370,4364.333
2024-09-05 08:02:04,ETHUSDT,bid,2370,4364.543
2024-09-05 08:05:11,ETHUSDT,bid,2370,4364.542
2024-09-05 08:05:23,ETHUSDT,bid,2350,5454.806
2024-09-05 08:06:04,ETHUSDT,bid,2350,5454.856
2024-09-05 08:06:16,ETHUSDT,bid,2350,5454.806
2024-09-05 08:07:11,ETHUSDT,bid,2370,4364.563
2024-09-05 08:09:40,ETHUSDT,bid,2350,5454.797
2024-09-05 08:09:48,ETHUSDT,bid,2330,4585.193
2024-09-05 08:11:09,ETHUSDT,bid,2350,5455.222
2024-09-05 08:11:15,ETHUSDT,bid,2350,5455.25
2024-09-05 08:11:44,ETHUSDT,bid,2350,5458.25
2024-09-05 08:11:47,ETHUSDT,bid,2350,5458.424
2024-09-05 08:13:00,ETHUSDT,bid,2330,4585.231
2024-09-05 08:13:41,ETHUSDT,bid,2330,4585.258
2024-09-05 08:15:02,ETHUSDT,bid,2330,4584.615
2024-09-05 08:15:09,ETHUSDT,bid,2350,5458.174
2024-09-05 08:15:56,ETHUSDT,bid,2330,4584.938
2024-09-05 08:17:33,ETHUSDT,bid,2350,5458.599
2024-09-05 08:17:34,ETHUSDT,bid,2350,5459.599
2024-09-05 08:19:21,ETHUSDT,bid,2350,5459.952
2024-09-05 08:19:36,ETHUSDT,bid,2370,4364.914
2024-09-05 08:20:07,ETHUSDT,bid,2200,4541.198
2024-09-05 08:20:07,ETHUSDT,bid,2200,4541.188
2024-09-05 08:20:08,ETHUSDT,bid,2200,4541.198
2024-09-05 08:20:08,ETHUSDT,bid,2200,4541.198
2024-09-05 08:20:09,ETHUSDT,bid,2200,4541.208
2024-09-05 08:20:10,ETHUSDT,bid,2200,4541.208
2024-09-05 08:20:10,ETHUSDT,bid,2200,4541.208
2024-09-05 08:20:11,ETHUSDT,bid,2200,4541.208
2024-09-05 08:20:12,ETHUSDT,bid,2200,4541.218
2024-09-05 08:20:12,ETHUSDT,bid,2200,4541.228
2024-09-05 08:20:12,ETHUSDT,bid,2200,4541.218
2024-09-05 08:20:12,ETHUSDT,bid,2200,4541.228
2024-09-05 08:20:51,ETHUSDT,bid,2200,4541.228
2024-09-05 08:20:51,ETHUSDT,bid,2200,4541.238
2024-09-05 08:20:52,ETHUSDT,bid,2200,4541.238
2024-09-05 08:20:53,ETHUSDT,bid,2200,4541.248
2024-09-05 08:20:53,ETHUSDT,bid,2200,4541.248
2024-09-05 08:20:54,ETHUSDT,bid,2200,4541.258
2024-09-05 08:20:54,ETHUSDT,bid,2200,4541.258
2024-09-05 08:20:55,ETHUSDT,bid,2200,4541.268
2024-09-05 08:20:55,ETHUSDT,bid,2200,4541.268
2024-09-05 08:20:56,ETHUSDT,bid,2200,4541.268
2024-09-05 08:20:56,ETHUSDT,bid,2200,4541.278
2024-09-05 08:20:57,ETHUSDT,bid,2200,4541.288
2024-09-05 08:20:57,ETHUSDT,bid,2200,4541.298
2024-09-05 08:20:58,ETHUSDT,bid,2200,4541.298
2024-09-05 08:20:59,ETHUSDT,bid,2200,4541.298
2024-09-05 08:20:59,ETHUSDT,bid,2200,4541.308
2024-09-05 08:20:59,ETHUSDT,bid,2200,4541.318
2024-09-05 08:20:59,ETHUSDT,bid,2200,4541.328
2024-09-05 08:20:59,ETHUSDT,bid,2200,4541.338
2024-09-05 08:21:01,ETHUSDT,bid,2200,4541.338
2024-09-05 08:21:18,ETHUSDT,bid,2200,4541.328
2024-09-05 08:21:19,ETHUSDT,bid,2200,4541.318
2024-09-05 08:21:21,ETHUSDT,bid,2200,4541.308
2024-09-05 08:21:22,ETHUSDT,bid,2200,4541.298
2024-09-05 08:21:41,ETHUSDT,bid,2200,4541.288
2024-09-05 08:21:42,ETHUSDT,bid,2200,4541.278
2024-09-05 08:21:43,ETHUSDT,bid,2200,4541.268
2024-09-05 08:21:43,ETHUSDT,bid,2200,4541.258
2024-09-05 08:21:43,ETHUSDT,bid,2200,4541.248
2024-09-05 08:21:44,ETHUSDT,bid,2200,4541.238
2024-09-05 08:21:44,ETHUSDT,bid,2200,4541.228
2024-09-05 08:21:45,ETHUSDT,bid,2200,4541.218
2024-09-05 08:21:45,ETHUSDT,bid,2200,4541.208
2024-09-05 08:21:45,ETHUSDT,bid,2200,4541.198
2024-09-05 08:21:46,ETHUSDT,bid,2200,4541.188
2024-09-05 08:23:59,ETHUSDT,bid,2350,5464.952
2024-09-05 08:25:43,ETHUSDT,bid,2350,5465.164
2024-09-05 08:26:05,ETHUSDT,bid,2370,4364.953
2024-09-05 08:26:47,ETHUSDT,bid,2350,5465.064
2024-09-05 08:28:47,ETHUSDT,bid,2370,4365.015
2024-09-05 08:30:39,ETHUSDT,bid,2350,5464.674
2024-09-05 08:30:41,ETHUSDT,bid,2330,4584.848
2024-09-05 08:30:41,ETHUSDT,bid,2350,5464.585
2024-09-05 08:30:41,ETHUSDT,bid,2370,4364.927
2024-09-05 08:32:03,ETHUSDT,bid,2350,5469.585
2024-09-05 08:32:39,ETHUSDT,bid,2350,5470.01
2024-09-05 08:33:15,ETHUSDT,bid,2330,4589.848
2024-09-05 08:33:36,ETHUSDT,bid,2330,4589.72
2024-09-05 08:34:25,ETHUSDT,bid,2330,4589.693
2024-09-05 08:38:24,ETHUSDT,bid,2330,4582.476
2024-09-05 08:39:39,ETHUSDT,ask,2590,5827.296
2024-09-05 08:40:54,ETHUSDT,bid,2350,5468.787
2024-09-05 08:41:47,ETHUSDT,ask,2670,3797.303
2024-09-05 08:44:48,ETHUSDT,bid,2350,5468.91
2024-09-05 08:45:42,ETHUSDT,bid,2350,5468.71
2024-09-05 08:46:57,ETHUSDT,bid,2210,4525.253
2024-09-05 08:47:01,ETHUSDT,bid,2210,4525.263
2024-09-05 08:47:06,ETHUSDT,bid,2210,4525.253
2024-09-05 08:47:10,ETHUSDT,bid,2210,4525.243
2024-09-05 08:48:55,ETHUSDT,bid,2350,5468.285
2024-09-05 08:51:32,ETHUSDT,bid,2370,4364.721
2024-09-05 08:52:21,ETHUSDT,bid,2350,5465.285
2024-09-05 08:59:48,ETHUSDT,bid,2350,5465.271
2024-09-05 09:00:40,ETHUSDT,bid,2350,5465.247
2024-09-05 09:01:03,ETHUSDT,bid,2350,5465.235
2024-09-05 09:02:17,ETHUSDT,bid,2370,4364.691
2024-09-05 09:02:18,ETHUSDT,ask,2590,5829.211
2024-09-05 09:03:50,ETHUSDT,bid,2350,5461.176
2024-09-05 09:04:16,ETHUSDT,bid,2330,4582.434
2024-09-05 09:04:27,ETHUSDT,bid,2350,5461.192
2024-09-05 09:05:08,ETHUSDT,bid,2200,4546.55
2024-09-05 09:05:33,ETHUSDT,bid,2200,4626.55
2024-09-05 09:06:07,ETHUSDT,bid,2350,5462.16
2024-09-05 09:06:42,ETHUSDT,bid,2350,5461.192
2024-09-05 09:07:01,ETHUSDT,bid,2030,5037.228
2024-09-05 09:07:07,ETHUSDT,bid,2350,5461.201
2024-09-05 09:07:30,ETHUSDT,bid,2370,4365.197
2024-09-05 09:09:54,ETHUSDT,bid,2350,5461.223
2024-09-05 09:10:37,ETHUSDT,bid,2370,4365.412
2024-09-05 09:10:43,ETHUSDT,bid,2350,5461.206
2024-09-05 09:11:41,ETHUSDT,bid,2200,6497.863
2024-09-05 09:11:48,ETHUSDT,bid,2200,6497.873
2024-09-05 09:11:48,ETHUSDT,bid,2200,6497.883
2024-09-05 09:11:48,ETHUSDT,bid,2200,6497.883
2024-09-05 09:11:49,ETHUSDT,bid,2200,6497.893
2024-09-05 09:11:50,ETHUSDT,bid,2370,4368.412
2024-09-05 09:12:06,ETHUSDT,bid,2200,6497.903
2024-09-05 09:12:06,ETHUSDT,bid,2200,6497.913
2024-09-05 09:12:06,ETHUSDT,bid,2200,6497.923
2024-09-05 09:12:07,ETHUSDT,bid,2200,6497.923
2024-09-05 09:12:07,ETHUSDT,bid,2200,6497.943
2024-09-05 09:12:08,ETHUSDT,bid,2200,6497.963
2024-09-05 09:12:08,ETHUSDT,bid,2200,6497.963
2024-09-05 09:12:08,ETHUSDT,bid,2200,6497.973
2024-09-05 09:12:09,ETHUSDT,bid,2200,6497.973
2024-09-05 09:12:09,ETHUSDT,bid,2200,6497.983
2024-09-05 09:12:09,ETHUSDT,bid,2200,6498.003
2024-09-05 09:12:10,ETHUSDT,bid,2200,6498.013
2024-09-05 09:12:10,ETHUSDT,bid,2200,6498.013
2024-09-05 09:12:17,ETHUSDT,bid,2200,6498.003
2024-09-05 09:12:18,ETHUSDT,bid,2200,6497.993
2024-09-05 09:12:19,ETHUSDT,bid,2200,6497.983
2024-09-05 09:12:40,ETHUSDT,bid,2200,6497.973
2024-09-05 09:12:41,ETHUSDT,bid,2200,6497.963
2024-09-05 09:12:41,ETHUSDT,bid,2200,6497.953
2024-09-05 09:12:41,ETHUSDT,bid,2200,6497.943
2024-09-05 09:12:42,ETHUSDT,bid,2200,6497.933
2024-09-05 09:12:43,ETHUSDT,bid,2200,6497.923
2024-09-05 09:12:43,ETHUSDT,bid,2200,6497.913
2024-09-05 09:12:43,ETHUSDT,bid,2200,6497.903
2024-09-05 09:12:44,ETHUSDT,bid,2200,6497.893
2024-09-05 09:12:44,ETHUSDT,bid,2200,6497.883
2024-09-05 09:12:45,ETHUSDT,bid,2200,6497.863
2024-09-05 09:12:46,ETHUSDT,bid,2370,4368.371
2024-09-05 09:13:01,ETHUSDT,bid,2370,4368.949
2024-09-05 09:13:12,ETHUSDT,bid,2140,9425.622
2024-09-05 09:13:25,ETHUSDT,bid,2200,4541.198
2024-09-05 09:13:56,ETHUSDT,bid,1960,5283.284
2024-09-05 09:14:02,ETHUSDT,bid,2350,5461.226
2024-09-05 09:14:15,ETHUSDT,bid,1700,6032.767
2024-09-05 09:17:55,ETHUSDT,bid,2350,5459.974
2024-09-05 09:17:55,ETHUSDT,bid,2370,4370.542
2024-09-05 09:20:41,ETHUSDT,bid,2350,5456.587
2024-09-05 09:20:54,ETHUSDT,bid,1960,5283.386
2024-09-05 09:20:54,ETHUSDT,bid,1960,5283.284
2024-09-05 09:20:56,ETHUSDT,bid,1960,5283.284
2024-09-05 09:20:56,ETHUSDT,bid,1960,5283.284
2024-09-05 09:20:57,ETHUSDT,bid,1960,5283.386
2024-09-05 09:20:57,ETHUSDT,bid,1960,5283.284
2024-09-05 09:20:58,ETHUSDT,bid,1960,5283.386
2024-09-05 09:20:58,ETHUSDT,bid,1960,5283.284
2024-09-05 09:21:06,ETHUSDT,bid,1960,5284.304
2024-09-05 09:23:53,ETHUSDT,bid,1940,5214.205
2024-09-05 09:24:52,ETHUSDT,bid,2350,5456.087
2024-09-05 09:25:39,ETHUSDT,bid,1960,5284.406
2024-09-05 09:25:39,ETHUSDT,bid,1960,5284.304
2024-09-05 09:25:40,ETHUSDT,bid,1960,5284.406
2024-09-05 09:25:40,ETHUSDT,bid,1960,5284.304
2024-09-05 09:25:58,ETHUSDT,bid,2350,5456.272
2024-09-05 09:26:05,ETHUSDT,bid,2350,5456.569
2024-09-05 09:26:28,ETHUSDT,bid,2350,5456.384
2024-09-05 09:27:14,ETHUSDT,bid,2350,5456.884
2024-09-05 09:29:40,ETHUSDT,bid,2370,4370.642
2024-09-05 09:29:47,ETHUSDT,bid,2350,5456.984
2024-09-05 09:30:04,ETHUSDT,bid,2350,5456.899
2024-09-05 09:30:04,ETHUSDT,bid,2370,4370.558
2024-09-05 09:30:06,ETHUSDT,bid,2350,5456.602
2024-09-05 09:30:36,ETHUSDT,bid,2330,4582.452
2024-09-05 09:30:36,ETHUSDT,bid,2350,5456.62
2024-09-05 09:30:36,ETHUSDT,bid,2370,4370.576
2024-09-05 09:31:25,ETHUSDT,bid,2330,4582.409
2024-09-05 09:31:25,ETHUSDT,bid,2350,5456.577
2024-09-05 09:31:25,ETHUSDT,bid,2370,4370.533
2024-09-05 09:31:30,ETHUSDT,bid,1960,5284.304
2024-09-05 09:31:30,ETHUSDT,bid,1960,5284.406
2024-09-05 09:31:30,ETHUSDT,bid,1960,5284.304
2024-09-05 09:31:37,ETHUSDT,bid,2350,5457.577
2024-09-05 09:31:41,ETHUSDT,bid,1960,5284.304
2024-09-05 09:31:42,ETHUSDT,bid,1960,5284.406
2024-09-05 09:31:42,ETHUSDT,bid,1960,5284.304
2024-09-05 09:32:36,ETHUSDT,bid,2200,4541.208
2024-09-05 09:32:37,ETHUSDT,bid,2200,4541.218
2024-09-05 09:32:40,ETHUSDT,bid,2200,4541.228
2024-09-05 09:32:45,ETHUSDT,bid,2200,4541.218
2024-09-05 09:32:46,ETHUSDT,bid,2200,4541.208
2024-09-05 09:32:47,ETHUSDT,bid,2350,5457.562
2024-09-05 09:32:49,ETHUSDT,bid,2200,4541.198
2024-09-05 09:32:59,ETHUSDT,bid,1960,5284.352
2024-09-05 09:32:59,ETHUSDT,bid,1960,5284.304
2024-09-05 09:33:21,ETHUSDT,bid,2140,4945.378
2024-09-05 09:34:50,ETHUSDT,bid,2350,5456.062
2024-09-05 09:36:37,ETHUSDT,bid,2330,4581.367
2024-09-05 09:36:47,ETHUSDT,bid,2330,4579.367
2024-09-05 09:39:23,ETHUSDT,bid,2330,4579.382
2024-09-05 09:39:23,ETHUSDT,bid,2350,5456.077
2024-09-05 09:39:23,ETHUSDT,bid,2370,4370.548
2024-09-05 09:43:57,ETHUSDT,bid,1960,5284.406
2024-09-05 09:43:57,ETHUSDT,bid,1960,5284.304
2024-09-05 09:43:58,ETHUSDT,bid,1960,5284.406
2024-09-05 09:43:58,ETHUSDT,bid,1960,5284.304
2024-09-05 09:43:59,ETHUSDT,bid,1960,5284.406
2024-09-05 09:43:59,ETHUSDT,bid,1960,5284.304
2024-09-05 09:44:00,ETHUSDT,bid,1960,5284.304
2024-09-05 09:44:01,ETHUSDT,bid,1960,5284.304
2024-09-05 09:44:02,ETHUSDT,bid,1960,5284.406
2024-09-05 09:44:02,ETHUSDT,bid,1960,5284.304
2024-09-05 09:44:03,ETHUSDT,bid,1960,5284.304
2024-09-05 09:44:04,ETHUSDT,bid,1960,5284.406
2024-09-05 09:44:04,ETHUSDT,bid,1960,5284.304
2024-09-05 09:44:06,ETHUSDT,bid,1960,5284.304
2024-09-05 09:45:30,ETHUSDT,bid,2330,4579.448
2024-09-05 09:46:26,ETHUSDT,bid,2330,4579.382
2024-09-05 09:47:50,ETHUSDT,bid,2200,4626.57
2024-09-05 09:47:59,ETHUSDT,bid,2200,4626.56
2024-09-05 09:48:14,ETHUSDT,bid,2200,4626.57
2024-09-05 09:48:14,ETHUSDT,bid,2200,4626.58
2024-09-05 09:48:14,ETHUSDT,bid,2200,4626.58
2024-09-05 09:48:14,ETHUSDT,bid,2200,4626.59
2024-09-05 09:48:16,ETHUSDT,bid,2350,5456.065
2024-09-05 09:48:16,ETHUSDT,bid,2370,4370.536
2024-09-05 09:48:19,ETHUSDT,bid,2330,4579.448
2024-09-05 09:48:22,ETHUSDT,bid,2200,4626.58
2024-09-05 09:48:27,ETHUSDT,bid,2350,5455.922
2024-09-05 09:48:36,ETHUSDT,bid,2200,4626.57
2024-09-05 09:49:02,ETHUSDT,bid,2200,4626.56
2024-09-05 09:49:04,ETHUSDT,bid,2200,4626.55
2024-09-05 09:49:12,ETHUSDT,bid,2350,5455.931
2024-09-05 09:50:39,ETHUSDT,bid,2350,5455.94
2024-09-05 09:51:07,ETHUSDT,bid,2350,5455.96
2024-09-05 09:51:16,ETHUSDT,bid,2350,5455.951
2024-09-05 09:53:53,ETHUSDT,bid,2350,5456.376
2024-09-05 09:53:54,ETHUSDT,bid,2200,6497.873
2024-09-05 09:53:54,ETHUSDT,bid,2200,6497.883
2024-09-05 09:53:55,ETHUSDT,bid,2200,6497.883
2024-09-05 09:53:55,ETHUSDT,bid,2200,6497.893
2024-09-05 09:53:56,ETHUSDT,bid,2200,6497.903
2024-09-05 09:53:56,ETHUSDT,bid,2200,6497.903
2024-09-05 09:53:56,ETHUSDT,bid,2200,6497.913
2024-09-05 09:53:56,ETHUSDT,bid,2200,6497.941
2024-09-05 09:53:57,ETHUSDT,bid,2200,6497.959
2024-09-05 09:53:57,ETHUSDT,bid,2200,6497.959
2024-09-05 09:53:57,ETHUSDT,bid,2200,6497.969
2024-09-05 09:53:58,ETHUSDT,bid,2200,6497.979
2024-09-05 09:53:58,ETHUSDT,bid,2200,6497.979
2024-09-05 09:53:59,ETHUSDT,bid,2200,6497.997
2024-09-05 09:53:59,ETHUSDT,bid,2200,6498.007
2024-09-05 09:54:03,ETHUSDT,bid,2200,6497.997
2024-09-05 09:54:05,ETHUSDT,bid,2200,6497.987
2024-09-05 09:54:05,ETHUSDT,bid,2200,6497.977
2024-09-05 09:54:08,ETHUSDT,bid,2200,6497.967
2024-09-05 09:54:36,ETHUSDT,bid,2200,6497.957
2024-09-05 09:54:36,ETHUSDT,bid,2200,6497.947
2024-09-05 09:54:36,ETHUSDT,bid,2200,6497.937
2024-09-05 09:54:37,ETHUSDT,bid,2200,6497.927
2024-09-05 09:54:37,ETHUSDT,bid,2200,6497.917
2024-09-05 09:57:59,ETHUSDT,bid,2350,5456.588
2024-09-05 09:58:25,ETHUSDT,bid,2350,5456.651
2024-09-05 09:59:01,ETHUSDT,bid,2330,4579.234
2024-09-05 10:00:27,ETHUSDT,bid,2220,4518.111
2024-09-05 10:01:02,ETHUSDT,bid,2350,5456.633
2024-09-05 10:01:03,ETHUSDT,bid,2350,5456.844
2024-09-05 10:01:08,ETHUSDT,bid,2370,4370.569
2024-09-05 10:01:08,ETHUSDT,bid,2370,4370.536
2024-09-05 10:01:08,ETHUSDT,bid,2370,4370.569
2024-09-05 10:01:08,ETHUSDT,bid,2370,4370.536
2024-09-05 10:02:05,ETHUSDT,bid,2350,5457.695
2024-09-05 10:02:32,ETHUSDT,bid,2350,5458.695
2024-09-05 10:02:33,ETHUSDT,bid,2370,4372.681
2024-09-05 10:03:11,ETHUSDT,bid,2370,4372.714
2024-09-05 10:03:11,ETHUSDT,bid,2370,4372.681
2024-09-05 10:03:57,ETHUSDT,bid,2200,6497.899
2024-09-05 10:03:57,ETHUSDT,bid,2200,6497.881
2024-09-05 10:03:59,ETHUSDT,bid,2200,6497.863
2024-09-05 10:04:18,ETHUSDT,bid,2350,5458.648
2024-09-05 10:05:02,ETHUSDT,bid,2370,4371.681
2024-09-05 10:05:31,ETHUSDT,bid,2350,5458.663
2024-09-05 10:06:21,ETHUSDT,bid,2350,5458.794
2024-09-05 10:07:01,ETHUSDT,bid,1960,5323.157
2024-09-05 10:07:03,ETHUSDT,bid,1700,6032.755
2024-09-05 10:07:29,ETHUSDT,bid,2350,5460.708
2024-09-05 10:07:30,ETHUSDT,bid,2350,5458.794
2024-09-05 10:07:43,ETHUSDT,bid,2370,4371.691
2024-09-05 10:08:08,ETHUSDT,ask,2670,3797.314
2024-09-05 10:08:10,ETHUSDT,bid,2330,4578.803
2024-09-05 10:08:12,ETHUSDT,bid,2350,5462.337
2024-09-05 10:08:21,ETHUSDT,bid,2350,5468.261
2024-09-05 10:08:23,ETHUSDT,bid,2330,4606.031
2024-09-05 10:08:50,ETHUSDT,bid,2330,4605.915
2024-09-05 10:09:03,ETHUSDT,bid,2370,4372.691
2024-09-05 10:09:05,ETHUSDT,bid,2370,4377.102
2024-09-05 10:09:39,ETHUSDT,bid,2350,5471.646
2024-09-05 10:09:41,ETHUSDT,bid,2350,5472.512
2024-09-05 10:09:46,ETHUSDT,bid,2370,4377.945
2024-09-05 10:09:57,ETHUSDT,bid,2330,4605.9
2024-09-05 10:09:57,ETHUSDT,bid,2350,5472.497
2024-09-05 10:09:57,ETHUSDT,bid,2370,4377.93
2024-09-05 10:09:59,ETHUSDT,bid,2350,5472.397
2024-09-05 10:09:59,ETHUSDT,bid,2370,4377.83
2024-09-05 10:09:59,ETHUSDT,bid,2350,5473.248
2024-09-05 10:10:04,ETHUSDT,bid,2350,5475.245
2024-09-05 10:10:13,ETHUSDT,bid,2330,4606.758
2024-09-05 10:10:15,ETHUSDT,bid,2350,5475.29
2024-09-05 10:10:19,ETHUSDT,bid,2350,5476.587
2024-09-05 10:10:41,ETHUSDT,bid,2350,5476.935
2024-09-05 10:10:41,ETHUSDT,bid,2350,5476.723
2024-09-05 10:10:44,ETHUSDT,bid,2350,5481.723
2024-09-05 10:10:45,ETHUSDT,bid,2370,4427.83
2024-09-05 10:10:56,ETHUSDT,bid,2370,4428.83
2024-09-05 10:10:59,ETHUSDT,bid,2350,5481.909
2024-09-05 10:11:00,ETHUSDT,bid,2330,4607.008
2024-09-05 10:11:00,ETHUSDT,bid,2330,4607.019
2024-09-05 10:11:01,ETHUSDT,bid,2350,5494.409
2024-09-05 10:11:07,ETHUSDT,bid,2330,4607.004
2024-09-05 10:11:07,ETHUSDT,bid,2350,5494.394
2024-09-05 10:11:07,ETHUSDT,bid,2370,4428.815
2024-09-05 10:11:17,ETHUSDT,bid,2330,4607.067
2024-09-05 10:11:17,ETHUSDT,bid,2370,4428.753
2024-09-05 10:11:23,ETHUSDT,bid,2350,5534.394
2024-09-05 10:11:27,ETHUSDT,bid,2350,5536.521
2024-09-05 10:11:29,ETHUSDT,bid,2330,4606.638
2024-09-05 10:11:34,ETHUSDT,bid,2330,4606.585
2024-09-05 10:11:34,ETHUSDT,bid,2350,5536.468
2024-09-05 10:11:34,ETHUSDT,bid,2370,4428.7
2024-09-05 10:11:47,ETHUSDT,bid,2370,4429.058
2024-09-05 10:11:48,ETHUSDT,bid,2330,4606.795
2024-09-05 10:11:59,ETHUSDT,bid,2370,4434.533
2024-09-05 10:12:01,ETHUSDT,bid,2330,4607.295
2024-09-05 10:12:06,ETHUSDT,bid,2350,5536.043
2024-09-05 10:12:21,ETHUSDT,bid,2350,5538.043
2024-09-05 10:12:21,ETHUSDT,bid,2370,4434.803
2024-09-05 10:12:28,ETHUSDT,bid,2330,4607.429
2024-09-05 10:12:35,ETHUSDT,bid,2350,5542.309
2024-09-05 10:12:36,ETHUSDT,bid,2350,5544.146
2024-09-05 10:13:00,ETHUSDT,bid,2370,4434.445
2024-09-05 10:13:15,ETHUSDT,bid,2350,5539.146
2024-09-05 10:13:15,ETHUSDT,bid,2350,5551.911
2024-09-05 10:13:16,ETHUSDT,bid,2370,4434.508
2024-09-05 10:13:20,ETHUSDT,bid,2350,5539.146
2024-09-05 10:13:41,ETHUSDT,bid,2350,5546.146
2024-09-05 10:13:48,ETHUSDT,bid,2350,5541.146
2024-09-05 10:14:03,ETHUSDT,bid,2350,5541.071
2024-09-05 10:14:06,ETHUSDT,bid,2330,4610.429
2024-09-05 10:14:09,ETHUSDT,bid,2350,5541.116
2024-09-05 10:14:12,ETHUSDT,bid,2350,5543.116
2024-09-05 10:14:13,ETHUSDT,bid,2330,4610.295
2024-09-05 10:14:26,ETHUSDT,bid,2350,5543.071
2024-09-05 10:14:31,ETHUSDT,bid,2370,4436.617
2024-09-05 10:14:52,ETHUSDT,bid,2350,5538.071
2024-09-05 10:14:54,ETHUSDT,bid,2350,5542.028
2024-09-05 10:15:03,ETHUSDT,bid,2370,4437.239
2024-09-05 10:15:03,ETHUSDT,bid,2370,4387.239
2024-09-05 10:15:08,ETHUSDT,bid,2350,5538.071
2024-09-05 10:15:10,ETHUSDT,bid,2350,5541.386
2024-09-05 10:15:17,ETHUSDT,bid,2350,5541.598
2024-09-05 10:15:26,ETHUSDT,bid,2350,5543.598
2024-09-05 10:15:36,ETHUSDT,bid,2330,4613.295
2024-09-05 10:16:04,ETHUSDT,bid,2330,4613.546
2024-09-05 10:16:16,ETHUSDT,bid,2350,5540.055
2024-09-05 10:16:23,ETHUSDT,bid,2330,4615.546
2024-09-05 10:16:28,ETHUSDT,bid,2330,4615.346
2024-09-05 10:16:33,ETHUSDT,bid,2350,5539.855
2024-09-05 10:16:37,ETHUSDT,bid,2350,5544.819
2024-09-05 10:16:38,ETHUSDT,bid,2370,4387.039
2024-09-05 10:16:42,ETHUSDT,bid,2330,4616.633
2024-09-05 10:16:43,ETHUSDT,bid,2330,4614.633
2024-09-05 10:16:46,ETHUSDT,bid,2350,5543.35
2024-09-05 10:16:50,ETHUSDT,bid,2210,4525.461
2024-09-05 10:16:55,ETHUSDT,bid,2350,5543.4
2024-09-05 10:17:24,ETHUSDT,bid,2350,5543.418
2024-09-05 10:17:25,ETHUSDT,bid,2330,4623.333
2024-09-05 10:17:57,ETHUSDT,bid,2350,5543.452
2024-09-05 10:18:25,ETHUSDT,bid,2350,5536.452
2024-09-05 10:18:50,ETHUSDT,bid,2350,5537.728
2024-09-05 10:18:53,ETHUSDT,bid,2350,5537.737
2024-09-05 10:18:55,ETHUSDT,bid,2370,4381.564
2024-09-05 10:19:11,ETHUSDT,bid,2350,5537.949
2024-09-05 10:19:12,ETHUSDT,bid,2370,4381.69
2024-09-05 10:19:18,ETHUSDT,bid,2350,5695.395
2024-09-05 10:19:18,ETHUSDT,bid,2350,5694.395
2024-09-05 10:19:18,ETHUSDT,bid,2350,5694.404
2024-09-05 10:20:54,ETHUSDT,bid,2350,5696.031
2024-09-05 10:21:30,ETHUSDT,bid,2350,5696.613
2024-09-05 10:21:44,ETHUSDT,bid,2350,5697.013
2024-09-05 10:21:59,ETHUSDT,bid,2370,4381.9
2024-09-05 10:22:01,ETHUSDT,bid,2350,5694.886
2024-09-05 10:22:01,ETHUSDT,bid,2350,5692.889
2024-09-05 10:22:04,ETHUSDT,bid,2350,5691.828
2024-09-05 10:22:15,ETHUSDT,bid,2350,5692.04
2024-09-05 10:22:18,ETHUSDT,bid,2350,5692.657
2024-09-05 10:22:26,ETHUSDT,bid,2330,4625.325
2024-09-05 10:22:31,ETHUSDT,bid,2330,4624.682
2024-09-05 10:22:37,ETHUSDT,bid,2350,5714.178
2024-09-05 10:22:38,ETHUSDT,bid,2330,4625.356
2024-09-05 10:22:45,ETHUSDT,bid,2370,4383.9
2024-09-05 10:22:48,ETHUSDT,bid,2330,4625.498
2024-09-05 10:22:48,ETHUSDT,bid,2350,5714.319
2024-09-05 10:22:48,ETHUSDT,bid,2370,4384.039
2024-09-05 10:22:48,ETHUSDT,ask,2670,3797.438
2024-09-05 10:22:58,ETHUSDT,bid,2330,4625.712
2024-09-05 10:23:08,ETHUSDT,bid,2350,5712.319
2024-09-05 10:23:19,ETHUSDT,bid,2350,5712.255
2024-09-05 10:23:30,ETHUSDT,bid,2370,4383.417
2024-09-05 10:23:33,ETHUSDT,bid,2350,5710.255
2024-09-05 10:23:37,ETHUSDT,bid,2370,4383.472
2024-09-05 10:23:51,ETHUSDT,bid,2140,4945.424
2024-09-05 10:23:58,ETHUSDT,bid,2350,5710.155
2024-09-05 10:24:09,ETHUSDT,bid,2330,4626.062
2024-09-05 10:24:10,ETHUSDT,bid,2370,4383.572
2024-09-05 10:24:26,ETHUSDT,bid,2350,5708.318
2024-09-05 10:24:43,ETHUSDT,bid,2350,5709.218
2024-09-05 10:24:52,ETHUSDT,bid,2350,5709.718
2024-09-05 10:24:55,ETHUSDT,ask,2650,3802.405
2024-09-05 10:24:56,ETHUSDT,ask,2650,3802.415
2024-09-05 10:24:56,ETHUSDT,ask,2650,3802.425
2024-09-05 10:24:57,ETHUSDT,ask,2650,3802.435
2024-09-05 10:24:57,ETHUSDT,ask,2650,3802.443
2024-09-05 10:24:57,ETHUSDT,ask,2650,3802.453
2024-09-05 10:25:01,ETHUSDT,bid,2210,4526.461
2024-09-05 10:25:05,ETHUSDT,bid,2350,5709.738
2024-09-05 10:25:05,ETHUSDT,bid,2330,4625.962
2024-09-05 10:25:05,ETHUSDT,ask,2650,3802.445
2024-09-05 10:25:06,ETHUSDT,bid,2350,5709.886
2024-09-05 10:25:12,ETHUSDT,bid,2350,5710.91
2024-09-05 10:25:13,ETHUSDT,bid,2370,4383.854
2024-09-05 10:25:31,ETHUSDT,ask,2650,3802.435
2024-09-05 10:25:31,ETHUSDT,ask,2650,3802.425
2024-09-05 10:25:31,ETHUSDT,bid,2350,5711.529
2024-09-05 10:25:32,ETHUSDT,ask,2650,3802.415
2024-09-05 10:25:33,ETHUSDT,ask,2650,3802.405
2024-09-05 10:25:35,ETHUSDT,bid,2350,5711.423
2024-09-05 10:25:35,ETHUSDT,bid,2350,5711.719
2024-09-05 10:26:01,ETHUSDT,bid,2330,4626.687
2024-09-05 10:26:07,ETHUSDT,bid,2350,5712.14
2024-09-05 10:26:08,ETHUSDT,bid,2350,5713.636
2024-09-05 10:26:23,ETHUSDT,bid,2350,5715.763
2024-09-05 10:26:36,ETHUSDT,bid,2370,4383.919
2024-09-05 10:27:12,ETHUSDT,bid,2350,5715.82
2024-09-05 10:27:27,ETHUSDT,bid,2140,4945.666
2024-09-05 10:27:31,ETHUSDT,bid,2350,5716.518
2024-09-05 10:27:48,ETHUSDT,bid,2330,4624.756
2024-09-05 10:28:02,ETHUSDT,bid,2330,4624.97
2024-09-05 10:28:08,ETHUSDT,bid,2350,5718.22
2024-09-05 10:28:12,ETHUSDT,bid,2350,5719.22
2024-09-05 10:28:27,ETHUSDT,bid,2350,5723.51
2024-09-05 10:28:33,ETHUSDT,bid,2350,5719.244
2024-09-05 10:28:40,ETHUSDT,bid,2200,4628.05
2024-09-05 10:29:07,ETHUSDT,bid,2350,5561.798
2024-09-05 10:29:24,ETHUSDT,bid,2330,4625.36
2024-09-05 10:29:27,ETHUSDT,bid,2330,4625.74
2024-09-05 10:29:29,ETHUSDT,bid,2370,4384.762
2024-09-05 10:29:30,ETHUSDT,bid,2350,5562.798
2024-09-05 10:29:34,ETHUSDT,bid,2350,5563.649
2024-09-05 10:29:46,ETHUSDT,bid,2140,4945.424
2024-09-05 10:29:51,ETHUSDT,bid,2250,4500.221
2024-09-05 10:30:39,ETHUSDT,bid,2350,5563.861
2024-09-05 10:30:46,ETHUSDT,bid,2350,5567.516
2024-09-05 10:30:49,ETHUSDT,bid,2350,5568.216
2024-09-05 10:31:03,ETHUSDT,bid,2200,4541.262
2024-09-05 10:31:03,ETHUSDT,bid,2350,5568.28
2024-09-05 10:31:11,ETHUSDT,bid,2350,5568.322
2024-09-05 10:31:20,ETHUSDT,bid,2350,5567.013
2024-09-05 10:31:25,ETHUSDT,bid,2350,5566.313
2024-09-05 10:31:38,ETHUSDT,bid,2350,5566.525
2024-09-05 10:32:00,ETHUSDT,bid,2350,5567.525
2024-09-05 10:32:24,ETHUSDT,bid,2370,4384.789
2024-09-05 10:32:30,ETHUSDT,bid,2350,5567.313
2024-09-05 10:32:31,ETHUSDT,bid,2350,5567.813
2024-09-05 10:32:32,ETHUSDT,bid,1960,5284.304
2024-09-05 10:32:53,ETHUSDT,bid,2350,5569.978
2024-09-05 10:32:56,ETHUSDT,bid,2330,4625.526
2024-09-05 10:32:57,ETHUSDT,bid,2350,5569.939
2024-09-05 10:33:08,ETHUSDT,bid,2330,4625.316
2024-09-05 10:33:13,ETHUSDT,bid,2330,4625.336
2024-09-05 10:33:13,ETHUSDT,bid,2350,5569.959
2024-09-05 10:33:13,ETHUSDT,bid,2370,4384.809
2024-09-05 10:33:19,ETHUSDT,bid,2370,4384.77
2024-09-05 10:33:20,ETHUSDT,bid,2370,4385.82
2024-09-05 10:33:47,ETHUSDT,bid,2370,4411.106
2024-09-05 10:34:09,ETHUSDT,bid,2370,4416.456
2024-09-05 10:34:15,ETHUSDT,bid,2350,5570.991
2024-09-05 10:34:52,ETHUSDT,bid,2350,5571.288
2024-09-05 10:34:57,ETHUSDT,bid,2330,4625.327
2024-09-05 10:35:00,ETHUSDT,bid,2350,5571.211
2024-09-05 10:35:01,ETHUSDT,bid,2350,5571.247
2024-09-05 10:35:02,ETHUSDT,bid,2370,4416.381
2024-09-05 10:35:26,ETHUSDT,bid,2370,4416.316
2024-09-05 10:35:52,ETHUSDT,bid,2350,5574.247
2024-09-05 10:36:17,ETHUSDT,bid,2370,4416.338
2024-09-05 10:36:26,ETHUSDT,bid,2350,5574.593
2024-09-05 10:36:40,ETHUSDT,bid,2350,5569.034
2024-09-05 10:36:54,ETHUSDT,bid,2350,5569.043
2024-09-05 10:36:55,ETHUSDT,bid,2350,5539.043
2024-09-05 10:36:58,ETHUSDT,bid,2370,4416.533
2024-09-05 10:37:03,ETHUSDT,bid,2370,4416.338
2024-09-05 10:37:07,ETHUSDT,bid,2350,5536.89
2024-09-05 10:37:16,ETHUSDT,bid,2350,5537.953
2024-09-05 10:37:34,ETHUSDT,bid,2370,4445.356
2024-09-05 10:37:34,ETHUSDT,bid,2350,5539.281
2024-09-05 10:37:39,ETHUSDT,bid,2370,4444.606
2024-09-05 10:38:00,ETHUSDT,bid,2350,5540.181
2024-09-05 10:38:00,ETHUSDT,bid,2370,4390.302
2024-09-05 10:38:16,ETHUSDT,bid,2330,4625.534
2024-09-05 10:38:40,ETHUSDT,bid,2350,5540.931
2024-09-05 10:38:51,ETHUSDT,bid,2210,4527.061
2024-09-05 10:38:54,ETHUSDT,bid,2350,5539.868
2024-09-05 10:39:11,ETHUSDT,bid,2070,9669.481
2024-09-05 10:39:14,ETHUSDT,bid,2370,4390.502
2024-09-05 10:39:19,ETHUSDT,bid,2350,5549.868
2024-09-05 10:39:31,ETHUSDT,bid,2350,5549.657
2024-09-05 10:40:06,ETHUSDT,bid,2350,5548.875
2024-09-05 10:40:14,ETHUSDT,bid,2330,4623.534
2024-09-05 10:40:14,ETHUSDT,bid,2350,5550.875
2024-09-05 10:40:32,ETHUSDT,bid,2330,4625.534
2024-09-05 10:40:32,ETHUSDT,bid,2350,5548.875
2024-09-05 10:40:38,ETHUSDT,bid,2370,4389.502
2024-09-05 10:40:39,ETHUSDT,bid,2330,4625.663
2024-09-05 10:40:39,ETHUSDT,bid,2370,4389.646
2024-09-05 10:40:52,ETHUSDT,bid,2350,5548.939
2024-09-05 10:41:04,ETHUSDT,bid,2350,5548.875
2024-09-05 10:41:11,ETHUSDT,bid,2350,5548.939
2024-09-05 10:41:25,ETHUSDT,bid,2350,5547.918
2024-09-05 10:42:08,ETHUSDT,bid,2200,4626.05
2024-09-05 10:42:32,ETHUSDT,bid,2350,5543.628
2024-09-05 10:42:53,ETHUSDT,bid,2350,5550.52
2024-09-05 10:43:11,ETHUSDT,bid,2330,4627.663
2024-09-05 10:43:24,ETHUSDT,bid,2350,5551.084
2024-09-05 10:43:26,ETHUSDT,bid,2350,5552.36
2024-09-05 10:43:40,ETHUSDT,bid,2370,4394.646
2024-09-05 10:43:54,ETHUSDT,bid,2350,5554.36
2024-09-05 10:44:12,ETHUSDT,bid,2350,5554.53
2024-09-05 10:44:15,ETHUSDT,bid,2370,4394.828
2024-09-05 10:44:22,ETHUSDT,bid,2370,4391.447
2024-09-05 10:44:27,ETHUSDT,bid,2370,4391.306
2024-09-05 10:44:30,ETHUSDT,bid,2370,4391.512
2024-09-05 10:44:40,ETHUSDT,bid,2350,5555.53
2024-09-05 10:44:42,ETHUSDT,bid,2370,4391.431
2024-09-05 10:44:46,ETHUSDT,bid,2350,5556.102
2024-09-05 10:44:51,ETHUSDT,bid,2330,4627.653
2024-09-05 10:44:51,ETHUSDT,bid,2350,5556.092
2024-09-05 10:44:51,ETHUSDT,bid,2370,4391.421
2024-09-05 10:44:55,ETHUSDT,bid,2370,4391.521
2024-09-05 10:45:17,ETHUSDT,bid,2370,4391.741
2024-09-05 10:45:20,ETHUSDT,bid,2230,4494.273
2024-09-05 10:45:21,ETHUSDT,bid,2370,4391.521
2024-09-05 10:45:34,ETHUSDT,bid,2350,5554.948
2024-09-05 10:45:43,ETHUSDT,bid,2350,5555.16
2024-09-05 10:46:18,ETHUSDT,bid,2330,4627.709
2024-09-05 10:46:18,ETHUSDT,bid,2350,5555.216
2024-09-05 10:46:18,ETHUSDT,bid,2370,4391.577
2024-09-05 10:46:20,ETHUSDT,bid,2350,5565.216
2024-09-05 10:46:21,ETHUSDT,bid,2370,4392.42
2024-09-05 10:46:27,ETHUSDT,bid,2370,4392.929
2024-09-05 10:46:33,ETHUSDT,bid,2350,5566.216
2024-09-05 10:46:53,ETHUSDT,bid,2370,4399.258
2024-09-05 10:46:54,ETHUSDT,bid,2330,4629.639
2024-09-05 10:46:55,ETHUSDT,bid,2370,4399.327
2024-09-05 10:47:02,ETHUSDT,bid,2350,5565.216
2024-09-05 10:47:17,ETHUSDT,bid,2350,5565.541
2024-09-05 10:47:22,ETHUSDT,bid,2370,4398.818
2024-09-05 10:47:31,ETHUSDT,bid,2330,4627.709
2024-09-05 10:47:49,ETHUSDT,bid,2350,5566.19
2024-09-05 10:47:50,ETHUSDT,bid,2350,5565.19
2024-09-05 10:47:55,ETHUSDT,bid,2350,5565.17
2024-09-05 10:47:59,ETHUSDT,bid,2370,4395.71
2024-09-05 10:48:13,ETHUSDT,bid,2350,5565.047
2024-09-05 10:48:19,ETHUSDT,bid,2370,4402.039
2024-09-05 10:48:28,ETHUSDT,bid,2370,4395.71
2024-09-05 10:48:33,ETHUSDT,bid,2370,4396.136
2024-09-05 10:48:39,ETHUSDT,bid,2350,5565.619
2024-09-05 10:48:43,ETHUSDT,bid,2200,4624.55
2024-09-05 10:49:05,ETHUSDT,bid,2350,5565.564
2024-09-05 10:49:28,ETHUSDT,bid,2370,4396.146
2024-09-05 10:49:35,ETHUSDT,bid,2370,4395.94
2024-09-05 10:49:37,ETHUSDT,bid,2350,5565.574
2024-09-05 10:49:45,ETHUSDT,bid,2330,4627.719
2024-09-05 10:49:49,ETHUSDT,bid,2350,5566.086
2024-09-05 10:49:49,ETHUSDT,bid,2370,4397.725
2024-09-05 10:49:52,ETHUSDT,bid,2350,5566.937
2024-09-05 10:49:54,ETHUSDT,bid,2370,4397.777
2024-09-05 10:49:55,ETHUSDT,bid,2350,5567.063
2024-09-05 10:49:55,ETHUSDT,bid,2330,4627.907
2024-09-05 10:49:57,ETHUSDT,bid,2040,9806.411
2024-09-05 10:49:58,ETHUSDT,bid,2330,4630.257
2024-09-05 10:50:01,ETHUSDT,bid,2350,5607.063
2024-09-05 10:50:12,ETHUSDT,bid,2350,5607.263
2024-09-05 10:50:32,ETHUSDT,bid,2330,4630.157
2024-09-05 10:50:45,ETHUSDT,bid,2370,4398.777
2024-09-05 10:50:53,ETHUSDT,bid,2350,5607.331
2024-09-05 10:50:54,ETHUSDT,bid,2350,5607.012
2024-09-05 10:51:04,ETHUSDT,bid,2370,4399.198
2024-09-05 10:51:04,ETHUSDT,bid,2350,5607.478
2024-09-05 10:51:04,ETHUSDT,bid,2370,4399.619
2024-09-05 10:51:16,ETHUSDT,bid,2350,5606.966
2024-09-05 10:51:31,ETHUSDT,bid,2350,5607.566
2024-09-05 10:51:34,ETHUSDT,bid,2330,4630.277
2024-09-05 10:51:47,ETHUSDT,bid,2330,4634.624
2024-09-05 10:51:49,ETHUSDT,bid,2350,5607.586
2024-09-05 10:51:51,ETHUSDT,bid,2350,5607.486
2024-09-05 10:52:12,ETHUSDT,bid,2350,5567.486
2024-09-05 10:52:13,ETHUSDT,bid,2370,4395.208
2024-09-05 10:52:25,ETHUSDT,bid,2330,4635.064
2024-09-05 10:52:34,ETHUSDT,bid,2370,4394.787
2024-09-05 10:53:40,ETHUSDT,bid,2370,4395.787
2024-09-05 10:53:44,ETHUSDT,bid,2350,5564.645
2024-09-05 10:53:50,ETHUSDT,bid,2370,4395.987
2024-09-05 10:53:57,ETHUSDT,bid,2350,5569.512
2024-09-05 10:54:01,ETHUSDT,bid,2350,5570.512
2024-09-05 10:54:04,ETHUSDT,bid,2370,4395.566
2024-09-05 10:54:29,ETHUSDT,bid,2370,4395.613
2024-09-05 10:54:36,ETHUSDT,bid,2370,4395.566
2024-09-05 10:54:36,ETHUSDT,bid,2350,5570.497
2024-09-05 10:54:38,ETHUSDT,bid,2370,4396.566
2024-09-05 10:54:45,ETHUSDT,bid,2330,4635.073
2024-09-05 10:55:01,ETHUSDT,bid,2350,5571.575
2024-09-05 10:55:10,ETHUSDT,bid,2350,5565.193
2024-09-05 10:55:23,ETHUSDT,bid,2350,5564.818
2024-09-05 10:55:24,ETHUSDT,bid,2350,5523.831
2024-09-05 10:55:28,ETHUSDT,bid,2330,4634.671
2024-09-05 10:55:29,ETHUSDT,bid,2220,4518.061
2024-09-05 10:55:31,ETHUSDT,bid,2370,4399.477
2024-09-05 10:56:03,ETHUSDT,bid,2350,5523.894
2024-09-05 10:56:21,ETHUSDT,bid,2350,5524.106
2024-09-05 10:56:43,ETHUSDT,bid,2370,4399.506
2024-09-05 10:56:45,ETHUSDT,bid,2370,4399.634
2024-09-05 10:56:56,ETHUSDT,bid,2370,4399.364
2024-09-05 10:57:03,ETHUSDT,bid,2350,5524.144
2024-09-05 10:57:05,ETHUSDT,bid,2370,4399.464
2024-09-05 10:57:16,ETHUSDT,bid,2330,4634.464
2024-09-05 10:57:20,ETHUSDT,bid,2370,4401.931
2024-09-05 10:57:24,ETHUSDT,bid,1960,5263.896
2024-09-05 10:57:27,ETHUSDT,bid,2350,5523.644
2024-09-05 10:57:40,ETHUSDT,bid,2330,4630.117
2024-09-05 10:58:03,ETHUSDT,bid,2370,4404.533
2024-09-05 10:58:07,ETHUSDT,bid,2330,4630.126
2024-09-05 10:58:14,ETHUSDT,bid,2330,4630.044
2024-09-05 10:58:23,ETHUSDT,bid,2350,5524.144
2024-09-05 10:58:41,ETHUSDT,bid,2350,5526.586
2024-09-05 10:58:42,ETHUSDT,bid,2350,5526.686
2024-09-05 10:58:42,ETHUSDT,bid,2350,5568.157
2024-09-05 10:58:52,ETHUSDT,bid,2350,5568.261
2024-09-05 10:59:06,ETHUSDT,bid,2350,5568.371
2024-09-05 10:59:15,ETHUSDT,bid,2330,4630.322
2024-09-05 10:59:16,ETHUSDT,bid,2370,4404.597
2024-09-05 10:59:18,ETHUSDT,bid,2370,4406.597
2024-09-05 10:59:30,ETHUSDT,bid,2350,5568.308
2024-09-05 10:59:38,ETHUSDT,bid,2350,5567.668
2024-09-05 10:59:44,ETHUSDT,bid,2370,4406.623
2024-09-05 10:59:52,ETHUSDT,bid,2350,5568.242
2024-09-05 10:59:55,ETHUSDT,bid,2350,5563.327
2024-09-05 11:00:21,ETHUSDT,bid,2350,5563.345
2024-09-05 11:00:28,ETHUSDT,bid,2370,4408.278
2024-09-05 11:00:30,ETHUSDT,bid,2330,4630.331
2024-09-05 11:00:30,ETHUSDT,bid,2350,5563.354
2024-09-05 11:00:30,ETHUSDT,bid,2370,4408.287
2024-09-05 11:00:43,ETHUSDT,bid,2350,5562.026
2024-09-05 11:00:47,ETHUSDT,bid,2350,5576.067
2024-09-05 11:00:47,ETHUSDT,bid,2350,5572.412
2024-09-05 11:00:52,ETHUSDT,bid,2370,4408.814
2024-09-05 11:01:05,ETHUSDT,bid,2370,4408.929
2024-09-05 11:01:15,ETHUSDT,bid,2350,5570.412
2024-09-05 11:01:22,ETHUSDT,bid,2330,4630.438
2024-09-05 11:01:27,ETHUSDT,bid,2350,5570.794
2024-09-05 11:01:37,ETHUSDT,bid,2370,4408.814
2024-09-05 11:01:42,ETHUSDT,bid,2350,5570.776
2024-09-05 11:01:57,ETHUSDT,bid,2330,4630.688
2024-09-05 11:02:02,ETHUSDT,bid,2350,5570.882
2024-09-05 11:02:05,ETHUSDT,bid,2350,5571.182
2024-09-05 11:02:05,ETHUSDT,bid,2350,5571.659
2024-09-05 11:02:07,ETHUSDT,bid,2350,5605.683
2024-09-05 11:02:07,ETHUSDT,bid,2350,5622.695
2024-09-05 11:02:20,ETHUSDT,bid,2330,4628.688
2024-09-05 11:02:24,ETHUSDT,bid,2330,4630.688
2024-09-05 11:02:24,ETHUSDT,bid,2370,4408.934
2024-09-05 11:02:28,ETHUSDT,bid,2330,4630.568
2024-09-05 11:02:41,ETHUSDT,bid,2370,4404.715
2024-09-05 11:02:50,ETHUSDT,bid,2350,5623.141
2024-09-05 11:02:58,ETHUSDT,bid,2370,4406.489
2024-09-05 11:03:09,ETHUSDT,bid,2330,4630.726
2024-09-05 11:03:11,ETHUSDT,bid,2350,5581.67
2024-09-05 11:03:13,ETHUSDT,bid,2350,5581.961
2024-09-05 11:03:15,ETHUSDT,bid,2370,4401.489
2024-09-05 11:03:33,ETHUSDT,bid,2350,5581.982
2024-09-05 11:03:33,ETHUSDT,bid,2350,5582.222
2024-09-05 11:03:42,ETHUSDT,bid,2370,4401.462
2024-09-05 11:03:55,ETHUSDT,bid,2370,4401.471
2024-09-05 11:03:57,ETHUSDT,bid,2350,5531.186
2024-09-05 11:03:59,ETHUSDT,bid,2350,5530.72
2024-09-05 11:04:11,ETHUSDT,ask,3040,3301.773
2024-09-05 11:04:24,ETHUSDT,bid,2370,4404.471
2024-09-05 11:04:51,ETHUSDT,bid,2350,5529.854
2024-09-05 11:04:52,ETHUSDT,bid,2350,5529.96
2024-09-05 11:05:04,ETHUSDT,bid,2370,4402.471
2024-09-05 11:05:06,ETHUSDT,bid,2370,4402.271
2024-09-05 11:05:15,ETHUSDT,bid,2370,4402.571
2024-09-05 11:05:17,ETHUSDT,bid,2350,5515.919
2024-09-05 11:05:17,ETHUSDT,bid,2370,4402.516
2024-09-05 11:05:24,ETHUSDT,bid,2350,5516.019
2024-09-05 11:05:25,ETHUSDT,bid,2370,4403.016
2024-09-05 11:05:42,ETHUSDT,bid,2350,5516.448
2024-09-05 11:06:00,ETHUSDT,bid,2350,5516.556
2024-09-05 11:06:02,ETHUSDT,bid,2370,4409.134
2024-09-05 11:06:35,ETHUSDT,bid,2350,5516.762
2024-09-05 11:06:38,ETHUSDT,bid,2370,4410.188
2024-09-05 11:06:48,ETHUSDT,bid,2370,4404.07
2024-09-05 11:06:49,ETHUSDT,bid,2350,5516.592
2024-09-05 11:07:00,ETHUSDT,bid,2350,5516.507
2024-09-05 11:07:07,ETHUSDT,bid,2370,4403.97
2024-09-05 11:07:21,ETHUSDT,bid,2350,5516.471
2024-09-05 11:07:22,ETHUSDT,bid,2350,5516.491
2024-09-05 11:07:23,ETHUSDT,bid,2330,4630.746
2024-09-05 11:07:23,ETHUSDT,bid,2350,5516.51
2024-09-05 11:07:23,ETHUSDT,bid,2370,4403.989
2024-09-05 11:07:23,ETHUSDT,bid,2350,5516.637
2024-09-05 11:07:32,ETHUSDT,bid,2370,4403.948
2024-09-05 11:07:32,ETHUSDT,ask,2670,3797.402
2024-09-05 11:07:35,ETHUSDT,bid,2370,4402.293
2024-09-05 11:07:46,ETHUSDT,bid,2350,5520.892
2024-09-05 11:07:49,ETHUSDT,bid,2350,5521.025
2024-09-05 11:07:49,ETHUSDT,bid,2370,4402.377
2024-09-05 11:07:52,ETHUSDT,bid,2370,4400.377
2024-09-05 11:07:52,ETHUSDT,bid,2330,4632.765
2024-09-05 11:08:09,ETHUSDT,bid,2370,4404.596
2024-09-05 11:08:20,ETHUSDT,bid,2350,5520.515
2024-09-05 11:08:41,ETHUSDT,bid,2370,4404.496
2024-09-05 11:09:09,ETHUSDT,bid,2350,5520.565
2024-09-05 11:10:17,ETHUSDT,bid,2350,5519.948
2024-09-05 11:10:22,ETHUSDT,bid,2200,6498.146
2024-09-05 11:11:27,ETHUSDT,bid,2330,4632.891
2024-09-05 11:11:38,ETHUSDT,bid,2350,5520.436
2024-09-05 11:11:38,ETHUSDT,bid,2330,4715.487
2024-09-05 11:11:49,ETHUSDT,bid,2370,4408.381
2024-09-05 11:12:10,ETHUSDT,bid,2350,5519.358
2024-09-05 11:12:10,ETHUSDT,bid,2350,5520.966
2024-09-05 11:12:20,ETHUSDT,bid,2350,5520.949
2024-09-05 11:12:35,ETHUSDT,bid,2350,5520.461
2024-09-05 11:12:36,ETHUSDT,bid,2350,5520.538
2024-09-05 11:12:44,ETHUSDT,bid,2210,4527.145
2024-09-05 11:12:46,ETHUSDT,bid,2330,4715.299
2024-09-05 11:12:46,ETHUSDT,bid,2370,4408.803
2024-09-05 11:13:19,ETHUSDT,bid,2370,4363.803
2024-09-05 11:13:21,ETHUSDT,bid,2350,5520.517
2024-09-05 11:13:30,ETHUSDT,bid,2350,5530.517
2024-09-05 11:13:46,ETHUSDT,bid,2370,4364.803
2024-09-05 11:13:52,ETHUSDT,bid,2350,5530.775
2024-09-05 11:13:58,ETHUSDT,bid,2350,5531.142
2024-09-05 11:14:02,ETHUSDT,bid,2350,5529.142
2024-09-05 11:14:30,ETHUSDT,bid,2350,5529.259
2024-09-05 11:15:46,ETHUSDT,bid,2330,4715.308
2024-09-05 11:15:54,ETHUSDT,bid,2350,5529.149
2024-09-05 11:16:00,ETHUSDT,bid,2370,4359.453
2024-09-05 11:16:52,ETHUSDT,bid,2350,5527.541
2024-09-05 11:17:00,ETHUSDT,bid,2370,4359.489
2024-09-05 11:17:40,ETHUSDT,bid,2350,5527.562
2024-09-05 11:18:39,ETHUSDT,bid,2370,4425.489
2024-09-05 11:19:04,ETHUSDT,bid,2370,4359.489
2024-09-05 11:19:07,ETHUSDT,bid,2370,4380.574
2024-09-05 11:19:22,ETHUSDT,bid,2350,5527.608
2024-09-05 11:20:01,ETHUSDT,bid,2370,4377.972
2024-09-05 11:20:02,ETHUSDT,bid,2370,4356.887
2024-09-05 11:20:43,ETHUSDT,bid,2330,4715.436
2024-09-05 11:20:45,ETHUSDT,bid,2330,4715.416
2024-09-05 11:20:45,ETHUSDT,bid,2350,5527.589
2024-09-05 11:20:45,ETHUSDT,bid,2370,4356.868
2024-09-05 11:20:57,ETHUSDT,bid,2350,5527.738
2024-09-05 11:21:20,ETHUSDT,bid,2330,4713.166
2024-09-05 11:21:33,ETHUSDT,bid,2370,4365.306
2024-09-05 11:21:46,ETHUSDT,bid,2330,4713.931
2024-09-05 11:21:59,ETHUSDT,bid,2370,4377.306
2024-09-05 11:22:05,ETHUSDT,bid,2370,4377.326
2024-09-05 11:22:14,ETHUSDT,bid,2330,4714.875
2024-09-05 11:22:52,ETHUSDT,bid,2370,4377.348
2024-09-05 11:22:59,ETHUSDT,bid,1700,6039.191
2024-09-05 11:23:14,ETHUSDT,bid,2350,5527.95
2024-09-05 11:23:32,ETHUSDT,bid,2350,5529.95
2024-09-05 11:23:36,ETHUSDT,bid,2370,4377.448
2024-09-05 11:23:54,ETHUSDT,bid,2350,5532.715
2024-09-05 11:24:35,ETHUSDT,bid,2330,4715.461
2024-09-05 11:25:35,ETHUSDT,bid,2350,5532.852
2024-09-05 11:26:09,ETHUSDT,bid,2330,4728.336
2024-09-05 11:26:25,ETHUSDT,bid,2370,4377.248
2024-09-05 11:28:04,ETHUSDT,bid,2350,5532.64
2024-09-05 11:28:43,ETHUSDT,bid,2330,4728.362
2024-09-05 11:28:43,ETHUSDT,bid,2350,5532.666
2024-09-05 11:28:43,ETHUSDT,bid,2370,4377.274
2024-09-05 11:29:24,ETHUSDT,bid,2350,5532.084
2024-09-05 11:29:30,ETHUSDT,bid,2350,5512.084
2024-09-05 11:29:54,ETHUSDT,bid,2330,4728.404
2024-09-05 11:30:32,ETHUSDT,bid,2350,5512.284
2024-09-05 11:31:12,ETHUSDT,bid,2370,4377.283
2024-09-05 11:31:41,ETHUSDT,bid,2350,5512.304
2024-09-05 11:32:14,ETHUSDT,bid,2350,5511.453
2024-09-05 11:32:19,ETHUSDT,bid,2370,4377.325
2024-09-05 11:32:21,ETHUSDT,bid,2350,5506.489
2024-09-05 11:33:30,ETHUSDT,bid,2350,5506.589
2024-09-05 11:33:45,ETHUSDT,bid,2370,4427.325
2024-09-05 11:34:03,ETHUSDT,bid,2350,5510.606
2024-09-05 11:34:12,ETHUSDT,bid,2070,9669.315
2024-09-05 11:35:36,ETHUSDT,bid,2370,4427.504
2024-09-05 11:35:53,ETHUSDT,bid,2330,4728.831
2024-09-05 11:36:21,ETHUSDT,bid,2350,5505.606
2024-09-05 11:36:42,ETHUSDT,bid,2370,4425.504
2024-09-05 11:36:43,ETHUSDT,bid,2350,5505.596
2024-09-05 11:36:47,ETHUSDT,bid,2330,4731.552
2024-09-05 11:37:00,ETHUSDT,bid,2350,5505.646
2024-09-05 11:37:25,ETHUSDT,bid,2350,5505.619
2024-09-05 11:37:41,ETHUSDT,bid,2330,4731.617
2024-09-05 11:37:55,ETHUSDT,bid,2330,4731.644
2024-09-05 11:37:55,ETHUSDT,bid,2350,5505.646
2024-09-05 11:37:55,ETHUSDT,bid,2370,4425.531
2024-09-05 11:37:58,ETHUSDT,bid,2350,5505.625
2024-09-05 11:38:08,ETHUSDT,bid,2350,5505.907
2024-09-05 11:38:24,ETHUSDT,bid,1700,6039.203
2024-09-05 11:38:25,ETHUSDT,bid,2350,5505.945
2024-09-05 11:38:25,ETHUSDT,bid,2370,4425.568
2024-09-05 11:38:28,ETHUSDT,bid,2350,5505.275
2024-09-05 11:38:32,ETHUSDT,bid,2330,4718.769
2024-09-05 11:38:33,ETHUSDT,bid,2350,5505.775
2024-09-05 11:38:51,ETHUSDT,bid,2350,5513.85
2024-09-05 11:38:56,ETHUSDT,bid,2350,5513.841
2024-09-05 11:38:58,ETHUSDT,bid,2350,5513.559
2024-09-05 11:39:13,ETHUSDT,bid,2370,4425.577
2024-09-05 11:39:14,ETHUSDT,bid,1700,6038.877
2024-09-05 11:39:14,ETHUSDT,ask,2590,5827.288
2024-09-05 11:39:22,ETHUSDT,bid,2330,4691.541
2024-09-05 11:39:45,ETHUSDT,bid,2350,5513.192
2024-09-05 11:39:59,ETHUSDT,bid,2330,4691.753
2024-09-05 11:40:10,ETHUSDT,bid,2350,5513.214
2024-09-05 11:40:15,ETHUSDT,bid,2370,4426.184
2024-09-05 11:40:17,ETHUSDT,bid,2370,4426.284
2024-09-05 11:40:24,ETHUSDT,bid,2350,5513.514
2024-09-05 11:40:34,ETHUSDT,bid,2350,5513.089
2024-09-05 11:40:54,ETHUSDT,bid,2350,5513.183
2024-09-05 11:41:44,ETHUSDT,bid,2350,5524.28
2024-09-05 11:42:07,ETHUSDT,bid,2350,5524.322
2024-09-05 11:42:09,ETHUSDT,bid,2330,4694.322
2024-09-05 11:42:26,ETHUSDT,bid,2370,4429.614
2024-09-05 11:42:31,ETHUSDT,bid,2330,4697.376
2024-09-05 11:43:02,ETHUSDT,bid,2350,5516.247
2024-09-05 11:44:08,ETHUSDT,bid,2350,5515.539
2024-09-05 11:44:34,ETHUSDT,bid,2370,4439.614
2024-09-05 11:45:16,ETHUSDT,bid,2370,4439.605
2024-09-05 11:45:29,ETHUSDT,bid,2350,5514.478
2024-09-05 11:45:55,ETHUSDT,bid,2350,5516.478
2024-09-05 11:45:59,ETHUSDT,bid,2370,4439.583
2024-09-05 11:46:25,ETHUSDT,bid,2370,4439.625
2024-09-05 11:46:29,ETHUSDT,bid,2330,4697.026
2024-09-05 11:46:38,ETHUSDT,bid,2370,4439.634
2024-09-05 11:46:39,ETHUSDT,bid,2350,5516.52
2024-09-05 11:46:49,ETHUSDT,bid,2350,5520.774
2024-09-05 11:46:59,ETHUSDT,bid,2350,5519.714
2024-09-05 11:47:09,ETHUSDT,bid,2370,4453.419
2024-09-05 11:47:09,ETHUSDT,bid,2370,4467.204
2024-09-05 11:47:19,ETHUSDT,bid,2370,4481.251
2024-09-05 11:47:49,ETHUSDT,bid,2350,5519.577
2024-09-05 11:48:50,ETHUSDT,bid,2330,4697.071
2024-09-05 11:48:50,ETHUSDT,bid,2350,5519.622
2024-09-05 11:48:50,ETHUSDT,bid,2370,4481.295
2024-09-05 11:48:59,ETHUSDT,bid,2370,4481.116
2024-09-05 11:49:30,ETHUSDT,bid,2330,4700.074
2024-09-05 11:49:32,ETHUSDT,bid,2350,5519.722
2024-09-05 11:50:02,ETHUSDT,bid,2350,5517.722
2024-09-05 11:50:27,ETHUSDT,bid,2350,5521.142
2024-09-05 11:50:34,ETHUSDT,bid,2370,4481.389
2024-09-05 11:50:36,ETHUSDT,bid,1960,5263.566
2024-09-05 11:50:46,ETHUSDT,bid,2350,5521.227
2024-09-05 11:51:41,ETHUSDT,bid,2350,5521.439
2024-09-05 11:51:49,ETHUSDT,bid,2330,4700.084
2024-09-05 11:51:53,ETHUSDT,bid,2350,5521.448
2024-09-05 11:51:56,ETHUSDT,bid,2350,5518.683
2024-09-05 11:52:27,ETHUSDT,bid,2350,5520.806
2024-09-05 11:52:49,ETHUSDT,bid,2350,5520.506
2024-09-05 11:52:56,ETHUSDT,bid,2350,5519.23
2024-09-05 11:53:19,ETHUSDT,bid,2350,5508.133
2024-09-05 11:54:02,ETHUSDT,bid,2350,5508.142
2024-09-05 11:54:16,ETHUSDT,bid,2350,5423.036
2024-09-05 11:55:17,ETHUSDT,bid,2350,5423.536
2024-09-05 11:55:18,ETHUSDT,bid,2350,5423.672
2024-09-05 11:55:40,ETHUSDT,bid,2330,4700.112
2024-09-05 11:56:09,ETHUSDT,bid,2350,5423.172
2024-09-05 11:57:21,ETHUSDT,bid,2140,4945.797
2024-09-05 11:57:38,ETHUSDT,bid,2370,4481.32
2024-09-05 11:57:50,ETHUSDT,bid,2350,5423.372
2024-09-05 11:57:57,ETHUSDT,bid,2040,9807.411
2024-09-05 11:58:03,ETHUSDT,bid,2350,5423.478
2024-09-05 11:58:30,ETHUSDT,bid,2350,5423.427
2024-09-05 11:58:41,ETHUSDT,bid,2350,5421.427
2024-09-05 11:59:00,ETHUSDT,bid,2370,4453.75
2024-09-05 11:59:14,ETHUSDT,bid,2370,4453.785
2024-09-05 11:59:38,ETHUSDT,bid,2350,5421.405
2024-09-05 11:59:43,ETHUSDT,bid,2350,5421.205
2024-09-05 12:00:18,ETHUSDT,bid,2350,5421.145
2024-09-05 12:00:20,ETHUSDT,bid,2350,5421.134
2024-09-05 12:00:32,ETHUSDT,bid,2350,5421.169
2024-09-05 12:01:13,ETHUSDT,bid,2330,4700.197
2024-09-05 12:01:38,ETHUSDT,bid,2350,5421.269
2024-09-05 12:01:52,ETHUSDT,bid,2350,5421.694
2024-09-05 12:02:26,ETHUSDT,bid,2140,4945.807
2024-09-05 12:02:26,ETHUSDT,bid,2040,9807.597
2024-09-05 12:02:48,ETHUSDT,bid,2350,5422.194
2024-09-05 12:02:50,ETHUSDT,bid,2350,5421.694
2024-09-05 12:03:05,ETHUSDT,bid,2350,5422.194
2024-09-05 12:03:08,ETHUSDT,bid,2370,4454.628
2024-09-05 12:03:26,ETHUSDT,bid,2350,5422.067
2024-09-05 12:03:33,ETHUSDT,bid,2350,5422.002
2024-09-05 12:03:53,ETHUSDT,bid,2350,5421.706
2024-09-05 12:03:59,ETHUSDT,bid,2350,5422.331
2024-09-05 12:04:06,ETHUSDT,bid,2330,4700.697
2024-09-05 12:04:20,ETHUSDT,bid,2330,4695.043
2024-09-05 12:04:35,ETHUSDT,bid,2350,5422.265
2024-09-05 12:04:40,ETHUSDT,bid,2350,5422.281
2024-09-05 12:04:44,ETHUSDT,bid,2350,5422.073
2024-09-05 12:04:44,ETHUSDT,bid,2370,4454.555
2024-09-05 12:04:47,ETHUSDT,bid,2330,4694.936
2024-09-05 12:04:57,ETHUSDT,bid,2370,4454.665
2024-09-05 12:05:09,ETHUSDT,bid,2330,4694.95
2024-09-05 12:05:34,ETHUSDT,bid,2350,5422.031
2024-09-05 12:05:43,ETHUSDT,bid,2350,5436.825
2024-09-05 12:05:44,ETHUSDT,bid,2350,5436.86
2024-09-05 12:06:45,ETHUSDT,bid,2370,4441.618
2024-09-05 12:07:39,ETHUSDT,bid,2330,4695.95
2024-09-05 12:07:45,ETHUSDT,bid,2370,4441.345
2024-09-05 12:07:47,ETHUSDT,bid,2330,4694.95
2024-09-05 12:07:56,ETHUSDT,bid,2350,5436.753
2024-09-05 12:08:17,ETHUSDT,bid,2350,5436.762
2024-09-05 12:08:24,ETHUSDT,bid,2370,4441.235
2024-09-05 12:08:31,ETHUSDT,bid,2370,4441.279
2024-09-05 12:08:35,ETHUSDT,bid,2350,5437.013
2024-09-05 12:08:59,ETHUSDT,bid,2350,5439.14
2024-09-05 12:09:21,ETHUSDT,bid,2370,4441.291
2024-09-05 12:09:24,ETHUSDT,bid,2350,5442.544
2024-09-05 12:09:24,ETHUSDT,bid,2330,4694.847
2024-09-05 12:09:31,ETHUSDT,bid,2350,5432.544
2024-09-05 12:09:35,ETHUSDT,bid,2350,5432.556
2024-09-05 12:09:40,ETHUSDT,bid,2350,5433.009
2024-09-05 12:09:45,ETHUSDT,bid,2370,4441.163
2024-09-05 12:09:54,ETHUSDT,bid,2370,4441.463
2024-09-05 12:09:56,ETHUSDT,bid,2350,5440.009
2024-09-05 12:10:00,ETHUSDT,bid,2370,4441.763
2024-09-05 12:10:05,ETHUSDT,bid,2330,4694.859
2024-09-05 12:10:05,ETHUSDT,bid,2370,4441.463
2024-09-05 12:10:06,ETHUSDT,bid,2370,4441.716
2024-09-05 12:10:42,ETHUSDT,bid,2370,4429.716
2024-09-05 12:10:53,ETHUSDT,bid,2370,4430.949
2024-09-05 12:10:53,ETHUSDT,bid,2350,5482.562
2024-09-05 12:11:03,ETHUSDT,bid,2040,9801.733
2024-09-05 12:11:10,ETHUSDT,bid,2370,4428.804
2024-09-05 12:11:14,ETHUSDT,ask,2670,4133.681
2024-09-05 12:11:19,ETHUSDT,bid,2330,4694.85
2024-09-05 12:11:31,ETHUSDT,bid,2370,4428.964
2024-09-05 12:11:34,ETHUSDT,bid,2370,4429.27
2024-09-05 12:11:38,ETHUSDT,bid,2370,4429.258
2024-09-05 12:11:38,ETHUSDT,bid,2370,4429.408
2024-09-05 12:11:41,ETHUSDT,bid,2370,4428.175
2024-09-05 12:11:42,ETHUSDT,bid,2350,5482.55
2024-09-05 12:11:44,ETHUSDT,bid,2370,4430.398
2024-09-05 12:11:45,ETHUSDT,bid,2330,4694.838
2024-09-05 12:11:56,ETHUSDT,ask,2670,4133.653
2024-09-05 12:12:18,ETHUSDT,bid,2350,5482.6
2024-09-05 12:12:23,ETHUSDT,bid,2370,4429.133
2024-09-05 12:12:25,ETHUSDT,bid,2350,5483.025
2024-09-05 12:12:57,ETHUSDT,bid,2370,4429.089
2024-09-05 12:12:59,ETHUSDT,bid,2350,5482.99
2024-09-05 12:13:09,ETHUSDT,bid,1700,6037.877
2024-09-05 12:13:17,ETHUSDT,bid,2200,4629.55
2024-09-05 12:13:41,ETHUSDT,bid,2370,4429.11
2024-09-05 12:13:46,ETHUSDT,bid,2350,5479.49
2024-09-05 12:14:18,ETHUSDT,bid,2370,4428.8
2024-09-05 12:14:49,ETHUSDT,bid,1700,6031.441
2024-09-05 12:14:56,ETHUSDT,bid,2350,5479.714
2024-09-05 12:17:25,ETHUSDT,bid,2350,5480.714
2024-09-05 12:17:30,ETHUSDT,bid,2330,4695.838
2024-09-05 12:17:54,ETHUSDT,bid,2350,5481.11
2024-09-05 12:18:03,ETHUSDT,bid,2330,4695.98
2024-09-05 12:18:14,ETHUSDT,bid,2350,5481.01
2024-09-05 12:18:41,ETHUSDT,bid,2350,5480.702
2024-09-05 12:18:47,ETHUSDT,bid,2330,4696.881
2024-09-05 12:18:53,ETHUSDT,bid,2370,4429.3
2024-09-05 12:19:30,ETHUSDT,bid,2370,4479.3
2024-09-05 12:19:48,ETHUSDT,bid,2350,5481.864
2024-09-05 12:20:33,ETHUSDT,bid,2350,5481.884
2024-09-05 12:20:59,ETHUSDT,bid,2350,5481.971
2024-09-05 12:21:38,ETHUSDT,bid,2350,5481.982
2024-09-05 12:22:24,ETHUSDT,bid,2350,5482.482
2024-09-05 12:22:26,ETHUSDT,bid,2350,5483.92
2024-09-05 12:23:08,ETHUSDT,bid,2370,4479.472
2024-09-05 12:23:15,ETHUSDT,bid,2140,4945.702
2024-09-05 12:24:03,ETHUSDT,bid,2330,4696.491
2024-09-05 12:24:08,ETHUSDT,bid,2370,4479.482
2024-09-05 12:24:13,ETHUSDT,bid,2350,5483.629
2024-09-05 12:24:32,ETHUSDT,bid,2350,5483.711
2024-09-05 12:25:11,ETHUSDT,bid,2350,5484.014
2024-09-05 12:26:10,ETHUSDT,bid,2350,5484.035
2024-09-05 12:26:22,ETHUSDT,bid,2350,5483.535
2024-09-05 12:27:12,ETHUSDT,bid,2350,5483.545
2024-09-05 12:27:12,ETHUSDT,bid,2200,4630.944
2024-09-05 12:27:50,ETHUSDT,bid,2350,5483.321
2024-09-05 12:28:04,ETHUSDT,bid,2330,4696.501
2024-09-05 12:28:18,ETHUSDT,bid,2370,4479.503
2024-09-05 12:28:20,ETHUSDT,bid,2370,4479.403
2024-09-05 12:28:28,ETHUSDT,bid,2370,4479.259
2024-09-05 12:28:36,ETHUSDT,bid,2350,5483.331
2024-09-05 12:28:50,ETHUSDT,bid,2350,5483.381
2024-09-05 12:28:58,ETHUSDT,bid,2350,5483.581
2024-09-05 12:29:34,ETHUSDT,bid,2350,5482.419
2024-09-05 12:29:41,ETHUSDT,bid,2210,4528.018
2024-09-05 12:29:45,ETHUSDT,bid,2350,5481.919
2024-09-05 12:30:13,ETHUSDT,bid,2350,5479.792
2024-09-05 12:31:19,ETHUSDT,bid,2370,4479.095
2024-09-05 12:31:22,ETHUSDT,bid,2350,5479.919
2024-09-05 12:31:59,ETHUSDT,bid,2370,4510.695
2024-09-05 12:31:59,ETHUSDT,bid,2370,4531.761
2024-09-05 12:32:01,ETHUSDT,bid,2370,4542.296
2024-09-05 12:33:05,ETHUSDT,bid,2330,4696.343
2024-09-05 12:33:05,ETHUSDT,bid,2030,5037.247
2024-09-05 12:33:06,ETHUSDT,bid,1960,5260.868
2024-09-05 12:33:21,ETHUSDT,bid,2350,5481.285
2024-09-05 12:33:35,ETHUSDT,bid,2370,4541.296
2024-09-05 12:33:37,ETHUSDT,bid,2200,4541.248
2024-09-05 12:33:37,ETHUSDT,bid,2350,5480.66
2024-09-05 12:33:38,ETHUSDT,bid,2210,4528.004
2024-09-05 12:33:39,ETHUSDT,bid,2220,4504.77
2024-09-05 12:34:09,ETHUSDT,bid,2350,5482.362
2024-09-05 12:34:19,ETHUSDT,bid,2350,5485.362
2024-09-05 12:34:41,ETHUSDT,bid,2350,5482.362
2024-09-05 12:34:41,ETHUSDT,bid,2370,4544.296
2024-09-05 12:35:07,ETHUSDT,bid,2350,5482.534
2024-09-05 12:35:59,ETHUSDT,bid,1940,5161.525
2024-09-05 12:36:36,ETHUSDT,bid,2350,5464.74
2024-09-05 12:36:59,ETHUSDT,bid,2370,4512.696
2024-09-05 12:37:00,ETHUSDT,bid,2370,4491.63
2024-09-05 12:37:01,ETHUSDT,bid,2370,4481.095
2024-09-05 12:37:11,ETHUSDT,bid,2370,4481.071
2024-09-05 12:37:16,ETHUSDT,bid,2330,4696.327
2024-09-05 12:37:16,ETHUSDT,bid,2350,5464.724
2024-09-05 12:37:16,ETHUSDT,bid,2370,4481.055
2024-09-05 12:37:45,ETHUSDT,bid,2350,5464.715
2024-09-05 12:38:50,ETHUSDT,bid,2350,5464.412
2024-09-05 12:39:05,ETHUSDT,bid,2330,4695.698
2024-09-05 12:39:05,ETHUSDT,bid,2370,4480.426
2024-09-05 12:40:44,ETHUSDT,bid,2200,4550.944
2024-09-05 12:41:21,ETHUSDT,bid,2370,4481.426
2024-09-05 12:41:39,ETHUSDT,bid,2350,5460.637
2024-09-05 12:42:07,ETHUSDT,bid,2350,5460.386
2024-09-05 12:42:10,ETHUSDT,ask,241000,80.0
2024-09-05 12:44:31,ETHUSDT,bid,2330,4694.653
2024-09-05 12:45:05,ETHUSDT,bid,2350,5460.436
2024-09-05 12:45:20,ETHUSDT,bid,2070,9669.341
2024-09-05 12:45:20,ETHUSDT,bid,2350,5460.462
2024-09-05 12:45:23,ETHUSDT,bid,2370,4481.568
2024-09-05 12:45:52,ETHUSDT,bid,2370,4483.131
2024-09-05 12:46:16,ETHUSDT,bid,2350,5460.482
2024-09-05 12:46:39,ETHUSDT,bid,2350,5458.78
2024-09-05 12:47:04,ETHUSDT,bid,2330,4694.753
2024-09-05 12:47:09,ETHUSDT,bid,2330,4695.753
2024-09-05 12:47:27,ETHUSDT,bid,2370,4483.726
2024-09-05 12:47:45,ETHUSDT,bid,2370,4483.131
2024-09-05 12:48:22,ETHUSDT,bid,2370,4527.005
2024-09-05 12:48:39,ETHUSDT,bid,2350,5458.904
2024-09-05 12:48:49,ETHUSDT,bid,2350,5458.629
2024-09-05 12:49:29,ETHUSDT,bid,2350,5458.678
2024-09-05 12:49:35,ETHUSDT,bid,2350,5458.878
2024-09-05 12:49:36,ETHUSDT,bid,2350,5461.099
2024-09-05 12:49:39,ETHUSDT,bid,2350,5454.099
2024-09-05 12:50:38,ETHUSDT,bid,2350,5454.089
2024-09-05 12:50:47,ETHUSDT,bid,2370,4528.038
2024-09-05 12:50:49,ETHUSDT,bid,2370,4529.071
2024-09-05 12:50:58,ETHUSDT,bid,2350,5452.593
2024-09-05 12:51:08,ETHUSDT,bid,2370,4528.038
2024-09-05 12:51:08,ETHUSDT,bid,2370,4527.005
2024-09-05 12:51:22,ETHUSDT,bid,2350,5452.404
2024-09-05 12:52:16,ETHUSDT,bid,2370,4527.026
2024-09-05 12:53:06,ETHUSDT,bid,2370,4527.574
2024-09-05 12:53:08,ETHUSDT,bid,2370,4528.122
2024-09-05 12:53:26,ETHUSDT,bid,2370,4528.172
2024-09-05 12:54:30,ETHUSDT,bid,2070,4819.328
2024-09-05 12:54:53,ETHUSDT,bid,2350,5454.995
2024-09-05 12:55:31,ETHUSDT,bid,2370,4527.78
2024-09-05 12:55:53,ETHUSDT,bid,2350,5454.985
2024-09-05 12:56:12,ETHUSDT,bid,2350,5454.975
2024-09-05 12:56:28,ETHUSDT,bid,2370,4528.834
2024-09-05 12:57:41,ETHUSDT,bid,2370,4529.361
2024-09-05 12:57:43,ETHUSDT,bid,2350,5455.068
2024-09-05 12:57:43,ETHUSDT,bid,2370,4529.453
2024-09-05 12:57:54,ETHUSDT,bid,2350,5455.113
2024-09-05 12:58:06,ETHUSDT,bid,2370,4528.905
2024-09-05 12:58:09,ETHUSDT,bid,2370,4528.357
2024-09-05 12:58:54,ETHUSDT,bid,2330,4695.502
2024-09-05 12:58:54,ETHUSDT,bid,2350,5455.219
2024-09-05 12:59:09,ETHUSDT,bid,2370,4532.571
2024-09-05 12:59:42,ETHUSDT,bid,2370,4532.852
2024-09-05 13:00:10,ETHUSDT,bid,2370,4528.638
2024-09-05 13:00:38,ETHUSDT,bid,2330,4695.292
2024-09-05 13:00:58,ETHUSDT,bid,2370,4529.638
2024-09-05 13:01:29,ETHUSDT,bid,2370,4529.111
2024-09-05 13:01:50,ETHUSDT,bid,2330,4695.104
2024-09-05 13:02:25,ETHUSDT,bid,2210,4528.03
2024-09-05 13:03:07,ETHUSDT,bid,2350,5453.219
2024-09-05 13:03:48,ETHUSDT,bid,2350,5448.219
2024-09-05 13:07:03,ETHUSDT,bid,2370,4529.113
2024-09-05 13:07:16,ETHUSDT,bid,2350,5460.984
2024-09-05 13:07:46,ETHUSDT,bid,2330,4705.853
2024-09-05 13:08:28,ETHUSDT,bid,2350,5461.68
2024-09-05 13:08:49,ETHUSDT,bid,2250,4500.223
2024-09-05 13:08:59,ETHUSDT,bid,2350,5461.58
2024-09-05 13:09:38,ETHUSDT,bid,2350,5461.561
2024-09-05 13:11:18,ETHUSDT,bid,2370,4529.123
2024-09-05 13:11:23,ETHUSDT,bid,2370,4530.156
2024-09-05 13:11:28,ETHUSDT,bid,2370,4531.189
2024-09-05 13:11:33,ETHUSDT,bid,2370,4530.156
2024-09-05 13:11:39,ETHUSDT,bid,2140,4945.895
2024-09-05 13:11:43,ETHUSDT,bid,2370,4529.123
2024-09-05 13:13:07,ETHUSDT,bid,2350,5461.784
2024-09-05 13:13:09,ETHUSDT,bid,2350,5454.892
2024-09-05 13:13:13,ETHUSDT,bid,2370,4529.113
2024-09-05 13:13:35,ETHUSDT,bid,2370,4529.092
2024-09-05 13:13:37,ETHUSDT,bid,2370,4529.818
2024-09-05 13:13:59,ETHUSDT,bid,2350,5455.263
2024-09-05 13:14:07,ETHUSDT,bid,2350,5455.139
2024-09-05 13:14:12,ETHUSDT,bid,2370,4529.24
2024-09-05 13:14:33,ETHUSDT,bid,2350,5454.768
2024-09-05 13:14:35,ETHUSDT,bid,2330,4705.998
2024-09-05 13:15:01,ETHUSDT,bid,2350,5454.954
2024-09-05 13:15:15,ETHUSDT,bid,2350,5454.255
2024-09-05 13:15:40,ETHUSDT,bid,2370,4529.22
2024-09-05 13:15:45,ETHUSDT,bid,2370,4529.198
2024-09-05 13:15:53,ETHUSDT,bid,2350,5454.297
2024-09-05 13:16:21,ETHUSDT,bid,2350,5454.339
2024-09-05 13:16:31,ETHUSDT,bid,2370,4529.338
2024-09-05 13:16:53,ETHUSDT,bid,2370,4529.348
2024-09-05 13:17:04,ETHUSDT,bid,2370,4531.546
2024-09-05 13:17:13,ETHUSDT,bid,2370,4556.208
2024-09-05 13:17:19,ETHUSDT,bid,2350,5467.104
2024-09-05 13:17:23,ETHUSDT,bid,2370,4531.546
2024-09-05 13:17:35,ETHUSDT,bid,2330,4705.96
2024-09-05 13:17:39,ETHUSDT,bid,2370,4531.567
2024-09-05 13:17:46,ETHUSDT,bid,2370,4531.598
2024-09-05 13:17:47,ETHUSDT,bid,2350,5467.125
2024-09-05 13:17:48,ETHUSDT,bid,2330,4706.812
2024-09-05 13:17:58,ETHUSDT,bid,2330,4706.833
2024-09-05 13:18:22,ETHUSDT,bid,2250,4506.819
2024-09-05 13:18:33,ETHUSDT,bid,2350,5463.705
2024-09-05 13:18:59,ETHUSDT,bid,2350,5462.267
2024-09-05 13:19:06,ETHUSDT,bid,2350,5462.322
2024-09-05 13:19:10,ETHUSDT,bid,2350,5462.267
2024-09-05 13:19:12,ETHUSDT,bid,2350,5462.692
2024-09-05 13:19:20,ETHUSDT,bid,2330,4706.892
2024-09-05 13:19:24,ETHUSDT,bid,2330,4719.766
2024-09-05 13:19:24,ETHUSDT,bid,2350,5449.927
2024-09-05 13:19:26,ETHUSDT,bid,2370,4533.992
2024-09-05 13:19:45,ETHUSDT,bid,2370,4533.852
2024-09-05 13:20:02,ETHUSDT,bid,2350,5449.957
2024-09-05 13:20:27,ETHUSDT,bid,2350,5450.042
2024-09-05 13:20:40,ETHUSDT,bid,2350,5450.142
2024-09-05 13:21:30,ETHUSDT,bid,2350,5450.282
2024-09-05 13:21:43,ETHUSDT,bid,2330,4719.859
2024-09-05 13:21:50,ETHUSDT,bid,2330,4719.877
2024-09-05 13:21:50,ETHUSDT,bid,2350,5450.3
2024-09-05 13:21:50,ETHUSDT,bid,2370,4533.87
2024-09-05 13:22:14,ETHUSDT,bid,2350,5451.3
2024-09-05 13:22:35,ETHUSDT,bid,2330,4732.377
2024-09-05 13:22:36,ETHUSDT,bid,2370,4535.979
2024-09-05 13:22:47,ETHUSDT,bid,2350,5470.42
2024-09-05 13:22:58,ETHUSDT,bid,2370,4535.988
2024-09-05 13:23:14,ETHUSDT,bid,2350,5471.243
2024-09-05 13:23:26,ETHUSDT,bid,2350,5471.758
2024-09-05 13:23:30,ETHUSDT,bid,2370,4538.774
2024-09-05 13:23:31,ETHUSDT,bid,2350,5474.258
2024-09-05 13:23:38,ETHUSDT,bid,2350,5473.743
2024-09-05 13:23:39,ETHUSDT,bid,2330,4731.312
2024-09-05 13:23:40,ETHUSDT,bid,2350,5475.401
2024-09-05 13:23:40,ETHUSDT,bid,2330,4730.315
2024-09-05 13:23:40,ETHUSDT,bid,2350,5473.414
2024-09-05 13:23:51,ETHUSDT,bid,2350,5474.414
2024-09-05 13:23:53,ETHUSDT,bid,2350,5504.414
2024-09-05 13:23:56,ETHUSDT,bid,2370,4538.801
2024-09-05 13:23:57,ETHUSDT,bid,2350,5506.358
2024-09-05 13:23:58,ETHUSDT,bid,2350,5485.294
2024-09-05 13:24:00,ETHUSDT,bid,2370,4549.349
2024-09-05 13:24:03,ETHUSDT,bid,2370,4549.299
2024-09-05 13:24:05,ETHUSDT,bid,2350,5485.314
2024-09-05 13:24:06,ETHUSDT,bid,2370,4549.383
2024-09-05 13:24:07,ETHUSDT,bid,2140,9425.632
2024-09-05 13:24:08,ETHUSDT,bid,2350,5486.314
2024-09-05 13:24:08,ETHUSDT,bid,2370,4551.383
2024-09-05 13:24:09,ETHUSDT,bid,1960,5299.111
2024-09-05 13:24:09,ETHUSDT,bid,2350,5507.378
2024-09-05 13:24:09,ETHUSDT,bid,2370,4549.383
2024-09-05 13:24:10,ETHUSDT,bid,2370,4551.383
2024-09-05 13:24:11,ETHUSDT,bid,2350,5486.314
2024-09-05 13:24:11,ETHUSDT,bid,2350,5486.114
2024-09-05 13:24:11,ETHUSDT,bid,2370,4549.383
2024-09-05 13:24:12,ETHUSDT,bid,2140,9425.622
2024-09-05 13:24:12,ETHUSDT,bid,2330,4729.963
2024-09-05 13:24:12,ETHUSDT,bid,2350,5485.764
2024-09-05 13:24:12,ETHUSDT,bid,2370,4549.438
2024-09-05 13:24:13,ETHUSDT,bid,2370,4546.108
2024-09-05 13:24:13,ETHUSDT,bid,2370,4548.108
2024-09-05 13:24:14,ETHUSDT,bid,2350,5485.718
2024-09-05 13:24:15,ETHUSDT,bid,2370,4546.108
2024-09-05 13:24:16,ETHUSDT,bid,2370,4545.108
2024-09-05 13:24:16,ETHUSDT,bid,2370,4544.382
2024-09-05 13:24:20,ETHUSDT,bid,2350,5485.697
2024-09-05 13:24:20,ETHUSDT,bid,2370,4542.273
2024-09-05 13:24:22,ETHUSDT,bid,2350,5485.739
2024-09-05 13:24:25,ETHUSDT,bid,2350,5485.749
2024-09-05 13:24:29,ETHUSDT,bid,2370,4542.571
2024-09-05 13:24:30,ETHUSDT,bid,2350,5485.711
2024-09-05 13:24:30,ETHUSDT,bid,2370,4542.534
2024-09-05 13:24:30,ETHUSDT,bid,2350,5485.721
2024-09-05 13:24:31,ETHUSDT,bid,2370,4542.392
2024-09-05 13:24:32,ETHUSDT,bid,2330,4730.167
2024-09-05 13:24:33,ETHUSDT,bid,2350,5485.733
2024-09-05 13:24:34,ETHUSDT,bid,2350,5485.833
2024-09-05 13:24:36,ETHUSDT,bid,2370,4543.392
2024-09-05 13:24:36,ETHUSDT,bid,2350,5486.5
2024-09-05 13:24:39,ETHUSDT,bid,2370,4543.892
2024-09-05 13:24:39,ETHUSDT,bid,2370,4548.102
2024-09-05 13:24:40,ETHUSDT,bid,2350,5486.525
2024-09-05 13:24:40,ETHUSDT,bid,2370,4547.892
2024-09-05 13:24:41,ETHUSDT,bid,2330,4729.442
2024-09-05 13:24:42,ETHUSDT,bid,2350,5486.1
2024-09-05 13:24:43,ETHUSDT,bid,2370,4547.934
2024-09-05 13:24:44,ETHUSDT,bid,2370,4548.355
2024-09-05 13:24:45,ETHUSDT,bid,2370,4548.442
2024-09-05 13:24:45,ETHUSDT,bid,2370,4549.075
2024-09-05 13:24:46,ETHUSDT,bid,2370,4549.201
2024-09-05 13:24:47,ETHUSDT,bid,2350,5482.083
2024-09-05 13:24:47,ETHUSDT,bid,2370,4549.114
2024-09-05 13:24:47,ETHUSDT,bid,2370,4550.652
2024-09-05 13:24:48,ETHUSDT,bid,2370,4550.862
2024-09-05 13:24:48,ETHUSDT,bid,2370,4681.394
2024-09-05 13:24:48,ETHUSDT,bid,2370,4547.862
2024-09-05 13:24:49,ETHUSDT,bid,2350,5483.083
2024-09-05 13:24:49,ETHUSDT,bid,2370,4546.324
2024-09-05 13:24:51,ETHUSDT,bid,2370,4546.745
2024-09-05 13:24:52,ETHUSDT,bid,2350,5484.547
2024-09-05 13:24:52,ETHUSDT,bid,2370,4546.743
2024-09-05 13:24:53,ETHUSDT,bid,2370,4548.331
2024-09-05 13:24:53,ETHUSDT,bid,2370,4564.776
2024-09-05 13:24:54,ETHUSDT,bid,2330,4729.454
2024-09-05 13:24:54,ETHUSDT,bid,2370,4563.319
2024-09-05 13:24:54,ETHUSDT,bid,2350,5485.606
2024-09-05 13:24:54,ETHUSDT,bid,2370,4563.419
2024-09-05 13:24:54,ETHUSDT,bid,2370,4563.428
2024-09-05 13:24:54,ETHUSDT,bid,2370,4563.419
2024-09-05 13:24:54,ETHUSDT,bid,2370,4564.929
2024-09-05 13:24:55,ETHUSDT,bid,2330,4728.454
2024-09-05 13:24:56,ETHUSDT,bid,2370,4581.57
2024-09-05 13:24:56,ETHUSDT,bid,2330,4729.454
2024-09-05 13:24:56,ETHUSDT,bid,2350,5484.606
2024-09-05 13:24:57,ETHUSDT,bid,2370,4564.296
2024-09-05 13:24:58,ETHUSDT,bid,2370,4565.902
2024-09-05 13:24:58,ETHUSDT,bid,2370,4567.772
2024-09-05 13:24:58,ETHUSDT,bid,2350,5484.628
2024-09-05 13:24:59,ETHUSDT,bid,2370,4553.199
2024-09-05 13:24:59,ETHUSDT,bid,2370,4675.099
2024-09-05 13:25:00,ETHUSDT,bid,2370,4671.357
2024-09-05 13:25:00,ETHUSDT,bid,2350,5485.128
2024-09-05 13:25:00,ETHUSDT,bid,2370,4667.357
2024-09-05 13:25:01,ETHUSDT,bid,2370,4667.527
2024-09-05 13:25:01,ETHUSDT,bid,2370,4667.106
2024-09-05 13:25:01,ETHUSDT,bid,2370,4665.596
2024-09-05 13:25:02,ETHUSDT,bid,2370,4663.99
2024-09-05 13:25:02,ETHUSDT,bid,2140,4945.905
2024-09-05 13:25:04,ETHUSDT,bid,2370,4663.996
2024-09-05 13:25:04,ETHUSDT,bid,2370,4665.496
2024-09-05 13:25:05,ETHUSDT,bid,2140,4945.895
2024-09-05 13:25:05,ETHUSDT,bid,2370,4665.656
2024-09-05 13:25:06,ETHUSDT,bid,2350,5485.408
2024-09-05 13:25:07,ETHUSDT,bid,2350,5485.45
2024-09-05 13:25:08,ETHUSDT,bid,2370,4665.614
2024-09-05 13:25:09,ETHUSDT,bid,2350,5484.783
2024-09-05 13:25:09,ETHUSDT,bid,2370,4665.65
2024-09-05 13:25:10,ETHUSDT,bid,2370,4665.614
2024-09-05 13:25:11,ETHUSDT,bid,2370,4666.752
2024-09-05 13:25:12,ETHUSDT,bid,2350,5484.773
2024-09-05 13:25:12,ETHUSDT,bid,2350,5484.124
2024-09-05 13:25:14,ETHUSDT,bid,2370,4666.794
2024-09-05 13:25:14,ETHUSDT,bid,2350,5484.155
2024-09-05 13:25:16,ETHUSDT,bid,2350,5484.367
2024-09-05 13:25:16,ETHUSDT,bid,2370,4666.624
2024-09-05 13:25:17,ETHUSDT,bid,2370,4666.582
2024-09-05 13:25:17,ETHUSDT,bid,2370,4668.582
2024-09-05 13:25:18,ETHUSDT,bid,2370,4668.591
2024-09-05 13:25:18,ETHUSDT,bid,2350,5484.867
2024-09-05 13:25:20,ETHUSDT,bid,2370,4668.431
2024-09-05 13:25:22,ETHUSDT,bid,2370,4669.431
2024-09-05 13:25:22,ETHUSDT,bid,2370,4669.421
2024-09-05 13:25:22,ETHUSDT,bid,2350,5485.867
2024-09-05 13:25:24,ETHUSDT,bid,2370,4677.524
2024-09-05 13:25:24,ETHUSDT,bid,2350,5485.367
2024-09-05 13:25:27,ETHUSDT,bid,2370,4678.509
2024-09-05 13:25:27,ETHUSDT,bid,2370,4677.009
2024-09-05 13:25:28,ETHUSDT,bid,2330,4732.029
2024-09-05 13:25:28,ETHUSDT,bid,2370,4677.093
2024-09-05 13:25:28,ETHUSDT,bid,2350,5485.409
2024-09-05 13:25:29,ETHUSDT,bid,2330,4732.019
2024-09-05 13:25:29,ETHUSDT,bid,2370,4676.962
2024-09-05 13:25:32,ETHUSDT,bid,2370,4626.962
2024-09-05 13:25:34,ETHUSDT,bid,2370,4626.992
2024-09-05 13:25:34,ETHUSDT,bid,2330,4732.337
2024-09-05 13:25:36,ETHUSDT,bid,2350,5483.945
2024-09-05 13:25:36,ETHUSDT,bid,2370,4636.992
2024-09-05 13:25:38,ETHUSDT,bid,2350,5484.272
2024-09-05 13:25:42,ETHUSDT,bid,2370,4634.598
2024-09-05 13:25:43,ETHUSDT,bid,2350,5484.649
2024-09-05 13:25:47,ETHUSDT,bid,2350,5491.031
2024-09-05 13:25:48,ETHUSDT,bid,2330,4732.737
2024-09-05 13:25:48,ETHUSDT,bid,2370,4636.878
2024-09-05 13:25:49,ETHUSDT,bid,2370,4637.009
2024-09-05 13:25:51,ETHUSDT,bid,2330,4734.215
2024-09-05 13:25:51,ETHUSDT,bid,2330,4734.15
2024-09-05 13:25:54,ETHUSDT,bid,2330,4734.159
2024-09-05 13:25:54,ETHUSDT,bid,2370,4636.909
2024-09-05 13:25:55,ETHUSDT,bid,2350,5485.107
2024-09-05 13:25:55,ETHUSDT,bid,2350,5483.741
2024-09-05 13:25:56,ETHUSDT,bid,2350,5484.201
2024-09-05 13:25:59,ETHUSDT,bid,2330,4735.602
2024-09-05 13:25:59,ETHUSDT,bid,2370,4636.609
2024-09-05 13:26:06,ETHUSDT,bid,2370,4636.579
2024-09-05 13:26:08,ETHUSDT,bid,2370,4637.716
2024-09-05 13:26:08,ETHUSDT,bid,2370,4639.861
2024-09-05 13:26:08,ETHUSDT,bid,2370,4639.93
2024-09-05 13:26:12,ETHUSDT,bid,2370,4631.827
2024-09-05 13:26:13,ETHUSDT,bid,2370,4637.695
2024-09-05 13:26:14,ETHUSDT,bid,2370,4636.695
2024-09-05 13:26:15,ETHUSDT,bid,2350,5484.211
2024-09-05 13:26:15,ETHUSDT,bid,2370,4634.55
2024-09-05 13:26:16,ETHUSDT,bid,2350,5484.254
2024-09-05 13:26:17,ETHUSDT,bid,2330,4733.322
2024-09-05 13:26:21,ETHUSDT,bid,2370,4627.799
2024-09-05 13:26:23,ETHUSDT,bid,2370,4628.22
2024-09-05 13:26:24,ETHUSDT,bid,2330,4733.522
2024-09-05 13:26:32,ETHUSDT,bid,2370,4615.563
2024-09-05 13:26:35,ETHUSDT,bid,2350,5482.254
2024-09-05 13:26:35,ETHUSDT,bid,2350,5492.575
2024-09-05 13:26:35,ETHUSDT,bid,2370,4616.627
2024-09-05 13:26:35,ETHUSDT,bid,2350,5495.575
2024-09-05 13:26:37,ETHUSDT,bid,2350,5485.254
2024-09-05 13:26:39,ETHUSDT,bid,2350,5485.464
2024-09-05 13:26:43,ETHUSDT,bid,2370,4616.127
2024-09-05 13:26:44,ETHUSDT,bid,2350,5485.57
2024-09-05 13:26:46,ETHUSDT,bid,2370,4616.556
2024-09-05 13:26:47,ETHUSDT,bid,2350,5485.52
2024-09-05 13:26:48,ETHUSDT,bid,2350,5482.52
2024-09-05 13:26:50,ETHUSDT,bid,2350,5483.52
2024-09-05 13:26:50,ETHUSDT,bid,2330,4741.522
2024-09-05 13:26:52,ETHUSDT,bid,2350,5483.541
2024-09-05 13:26:52,ETHUSDT,bid,2350,5483.671
2024-09-05 13:26:57,ETHUSDT,bid,2370,4614.771
2024-09-05 13:27:00,ETHUSDT,bid,2350,5485.671
2024-09-05 13:27:02,ETHUSDT,bid,2350,5489.828
2024-09-05 13:27:02,ETHUSDT,bid,2370,4614.815
2024-09-05 13:27:04,ETHUSDT,bid,2350,5508.948
2024-09-05 13:27:04,ETHUSDT,bid,2370,4615.658
2024-09-05 13:27:04,ETHUSDT,bid,2350,5508.927
2024-09-05 13:27:06,ETHUSDT,bid,2350,5508.918
2024-09-05 13:27:07,ETHUSDT,bid,2350,5508.522
2024-09-05 13:27:08,ETHUSDT,bid,2350,5508.564
2024-09-05 13:27:10,ETHUSDT,bid,2370,4616.658
2024-09-05 13:27:11,ETHUSDT,bid,2350,5508.886
2024-09-05 13:27:11,ETHUSDT,bid,2370,4616.338
2024-09-05 13:27:11,ETHUSDT,bid,2350,5572.078
2024-09-05 13:27:12,ETHUSDT,bid,2350,5572.108
2024-09-05 13:27:12,ETHUSDT,bid,2350,5550.832
2024-09-05 13:27:15,ETHUSDT,bid,2370,4616.156
2024-09-05 13:27:16,ETHUSDT,bid,2350,5550.646
2024-09-05 13:27:17,ETHUSDT,bid,2370,4613.37
2024-09-05 13:27:21,ETHUSDT,bid,2350,5560.49
2024-09-05 13:27:21,ETHUSDT,bid,2370,4614.213
2024-09-05 13:27:25,ETHUSDT,bid,2370,4614.845
2024-09-05 13:27:25,ETHUSDT,bid,2370,4614.931
2024-09-05 13:27:27,ETHUSDT,bid,2350,5558.363
2024-09-05 13:27:30,ETHUSDT,bid,2370,4615.231
2024-09-05 13:27:30,ETHUSDT,bid,2350,5537.299
2024-09-05 13:27:30,ETHUSDT,bid,2350,5537.588
2024-09-05 13:27:30,ETHUSDT,bid,2350,5516.524
2024-09-05 13:27:31,ETHUSDT,bid,2370,4565.231
2024-09-05 13:27:31,ETHUSDT,bid,2350,5495.992
2024-09-05 13:27:32,ETHUSDT,bid,2350,5498.086
2024-09-05 13:27:32,ETHUSDT,bid,2350,5498.077
2024-09-05 13:27:34,ETHUSDT,bid,2370,4595.231
2024-09-05 13:27:37,ETHUSDT,bid,2350,5488.233
2024-09-05 13:27:39,ETHUSDT,bid,2350,5488.215
2024-09-05 13:27:41,ETHUSDT,bid,2370,4595.268
2024-09-05 13:27:42,ETHUSDT,bid,2350,5488.515
2024-09-05 13:27:44,ETHUSDT,bid,1960,5301.599
2024-09-05 13:27:45,ETHUSDT,bid,2350,5488.215
2024-09-05 13:27:46,ETHUSDT,bid,2350,5488.115
2024-09-05 13:27:47,ETHUSDT,bid,2370,4595.318
2024-09-05 13:27:50,ETHUSDT,bid,2370,4595.309
2024-09-05 13:27:52,ETHUSDT,bid,2330,4741.846
2024-09-05 13:27:52,ETHUSDT,bid,2350,5487.793
2024-09-05 13:27:52,ETHUSDT,bid,2350,5487.85
2024-09-05 13:27:56,ETHUSDT,bid,2350,5488.15
2024-09-05 13:27:57,ETHUSDT,bid,2370,4596.309
2024-09-05 13:28:00,ETHUSDT,bid,1700,6031.473
2024-09-05 13:28:00,ETHUSDT,bid,2070,9669.367
2024-09-05 13:28:00,ETHUSDT,bid,2350,5488.173
2024-09-05 13:28:03,ETHUSDT,bid,2350,5488.231
2024-09-05 13:28:04,ETHUSDT,bid,2370,4596.73
2024-09-05 13:28:05,ETHUSDT,bid,2350,5480.889
2024-09-05 13:28:06,ETHUSDT,bid,2350,5479.139
2024-09-05 13:28:07,ETHUSDT,bid,2350,5460.019
2024-09-05 13:28:08,ETHUSDT,bid,2350,5459.642
2024-09-05 13:28:08,ETHUSDT,bid,2350,5459.742
2024-09-05 13:28:11,ETHUSDT,bid,2330,4742.146
2024-09-05 13:28:12,ETHUSDT,bid,2370,4596.309
2024-09-05 13:28:15,ETHUSDT,bid,2350,5459.762
2024-09-05 13:28:17,ETHUSDT,bid,2350,5459.962
2024-09-05 13:28:18,ETHUSDT,bid,2370,4596.178
2024-09-05 13:28:19,ETHUSDT,bid,2370,4596.078
2024-09-05 13:28:23,ETHUSDT,bid,2350,5460.043
2024-09-05 13:28:25,ETHUSDT,bid,2350,5447.278
2024-09-05 13:28:25,ETHUSDT,bid,2370,4596.014
2024-09-05 13:28:26,ETHUSDT,bid,2370,4596.075
2024-09-05 13:28:28,ETHUSDT,bid,2330,4742.246
2024-09-05 13:28:32,ETHUSDT,bid,2370,4594.938
2024-09-05 13:28:34,ETHUSDT,bid,2350,5448.278
2024-09-05 13:28:36,ETHUSDT,bid,2350,5448.315
2024-09-05 13:28:39,ETHUSDT,bid,2370,4551.064
2024-09-05 13:28:41,ETHUSDT,bid,2350,5449.315
2024-09-05 13:28:41,ETHUSDT,bid,2350,5449.527
2024-09-05 13:28:43,ETHUSDT,bid,2370,4548.784
2024-09-05 13:28:45,ETHUSDT,bid,2350,5449.952
2024-09-05 13:28:46,ETHUSDT,bid,2350,5450.052
2024-09-05 13:28:47,ETHUSDT,bid,2350,5450.841
2024-09-05 13:28:47,ETHUSDT,bid,2350,5450.811
2024-09-05 13:28:49,ETHUSDT,bid,2370,4548.734
2024-09-05 13:29:01,ETHUSDT,ask,2670,3797.286
2024-09-05 13:29:08,ETHUSDT,bid,2350,5452.817
2024-09-05 13:29:10,ETHUSDT,bid,2350,5454.817
2024-09-05 13:29:15,ETHUSDT,bid,2350,5454.762
2024-09-05 13:29:15,ETHUSDT,bid,2370,4548.759
2024-09-05 13:29:15,ETHUSDT,bid,2370,4549.759
2024-09-05 13:29:27,ETHUSDT,bid,2350,5454.622
2024-09-05 13:29:32,ETHUSDT,bid,2330,4742.266
2024-09-05 13:29:36,ETHUSDT,bid,2370,4550.185
2024-09-05 13:29:43,ETHUSDT,bid,2350,5455.622
2024-09-05 13:29:47,ETHUSDT,bid,2370,4550.194
2024-09-05 13:29:48,ETHUSDT,bid,2350,5454.522
2024-09-05 13:29:48,ETHUSDT,bid,2350,5454.607
2024-09-05 13:29:50,ETHUSDT,bid,2350,5454.586
2024-09-05 13:29:50,ETHUSDT,bid,2370,4550.615
2024-09-05 13:29:53,ETHUSDT,bid,2350,5454.595
2024-09-05 13:29:54,ETHUSDT,bid,2350,5454.446
2024-09-05 13:29:56,ETHUSDT,bid,2350,5452.083
2024-09-05 13:29:56,ETHUSDT,bid,2350,5451.931
2024-09-05 13:29:59,ETHUSDT,bid,2350,5452.931
2024-09-05 13:29:59,ETHUSDT,bid,2350,5446.549
2024-09-05 13:30:09,ETHUSDT,bid,2330,4740.823
2024-09-05 13:30:09,ETHUSDT,bid,2350,5446.689
2024-09-05 13:30:09,ETHUSDT,bid,2370,4550.755
2024-09-05 13:30:10,ETHUSDT,bid,2370,4520.755
2024-09-05 13:30:11,ETHUSDT,bid,2350,5489.242
2024-09-05 13:30:12,ETHUSDT,bid,2370,4519.162
2024-09-05 13:30:14,ETHUSDT,bid,2370,4525.204
2024-09-05 13:30:20,ETHUSDT,bid,2350,5488.242
2024-09-05 13:30:20,ETHUSDT,bid,2370,4526.204
2024-09-05 13:30:22,ETHUSDT,bid,2370,4525.361
2024-09-05 13:30:24,ETHUSDT,bid,2330,4740.838
2024-09-05 13:30:24,ETHUSDT,bid,2350,5488.257
2024-09-05 13:30:24,ETHUSDT,bid,2370,4525.376
2024-09-05 13:30:24,ETHUSDT,bid,2370,4526.43
2024-09-05 13:30:26,ETHUSDT,bid,2350,5487.257
2024-09-05 13:30:43,ETHUSDT,bid,2330,4740.164
2024-09-05 13:30:43,ETHUSDT,bid,2350,5487.931
2024-09-05 13:30:46,ETHUSDT,bid,2370,4526.369
2024-09-05 13:31:03,ETHUSDT,bid,2370,4526.319
2024-09-05 13:31:03,ETHUSDT,bid,2350,5488.652
2024-09-05 13:31:07,ETHUSDT,bid,2330,4741.164
2024-09-05 13:31:08,ETHUSDT,bid,2370,4526.339
2024-09-05 13:31:09,ETHUSDT,bid,2350,5488.661
2024-09-05 13:31:10,ETHUSDT,bid,2140,4946.346
2024-09-05 13:31:11,ETHUSDT,bid,2370,4526.539
2024-09-05 13:31:12,ETHUSDT,bid,2370,4525.539
2024-09-05 13:31:12,ETHUSDT,bid,2370,4515.539
2024-09-05 13:31:15,ETHUSDT,bid,2350,5488.93
2024-09-05 13:31:16,ETHUSDT,bid,2370,4515.579
2024-09-05 13:31:26,ETHUSDT,bid,2370,4515.909
2024-09-05 13:31:27,ETHUSDT,bid,2330,4742.164
2024-09-05 13:31:33,ETHUSDT,bid,2370,4555.909
2024-09-05 13:31:46,ETHUSDT,bid,2350,5488.72
2024-09-05 13:31:52,ETHUSDT,bid,2330,4737.885
2024-09-05 13:32:03,ETHUSDT,bid,2350,5488.761
2024-09-05 13:32:04,ETHUSDT,bid,2350,5489.761
2024-09-05 13:32:10,ETHUSDT,bid,2350,5488.103
2024-09-05 13:32:11,ETHUSDT,bid,2350,5488.211
2024-09-05 13:32:12,ETHUSDT,bid,2330,4737.826
2024-09-05 13:32:18,ETHUSDT,bid,2350,5498.211
2024-09-05 13:32:19,ETHUSDT,bid,2370,4555.48
2024-09-05 13:32:21,ETHUSDT,bid,2370,4554.48
2024-09-05 13:32:25,ETHUSDT,bid,2350,5498.711
2024-09-05 13:32:27,ETHUSDT,bid,2330,4738.383
2024-09-05 13:32:27,ETHUSDT,bid,2370,4569.48
2024-09-05 13:32:37,ETHUSDT,bid,2350,5498.811
2024-09-05 13:32:37,ETHUSDT,bid,2370,4569.682
2024-09-05 13:32:42,ETHUSDT,bid,2350,5508.811
2024-09-05 13:32:42,ETHUSDT,bid,2350,5503.811
2024-09-05 13:32:43,ETHUSDT,bid,2370,4569.782
2024-09-05 13:32:54,ETHUSDT,bid,2350,5504.097
2024-09-05 13:33:00,ETHUSDT,bid,2330,4738.483
2024-09-05 13:33:03,ETHUSDT,bid,2370,4569.829
2024-09-05 13:33:06,ETHUSDT,bid,2370,4569.809
2024-09-05 13:33:11,ETHUSDT,bid,2370,4569.177
2024-09-05 13:33:11,ETHUSDT,bid,2350,5504.107
2024-09-05 13:33:16,ETHUSDT,bid,2350,5503.107
2024-09-05 13:33:19,ETHUSDT,bid,2370,4569.189
2024-09-05 13:33:24,ETHUSDT,bid,2350,5503.282
2024-09-05 13:33:25,ETHUSDT,bid,2350,5503.296
2024-09-05 13:33:39,ETHUSDT,bid,2140,9425.656
2024-09-05 13:33:40,ETHUSDT,bid,2370,4568.189
2024-09-05 13:33:43,ETHUSDT,bid,2370,4568.198
2024-09-05 13:33:46,ETHUSDT,bid,2370,4568.15
2024-09-05 13:33:46,ETHUSDT,ask,2670,3797.238
2024-09-05 13:33:47,ETHUSDT,bid,2350,5503.721
2024-09-05 13:33:48,ETHUSDT,bid,2350,5504.169
2024-09-05 13:33:54,ETHUSDT,bid,2350,5503.994
2024-09-05 13:33:55,ETHUSDT,bid,2350,5504.055
2024-09-05 13:34:06,ETHUSDT,bid,2350,5506.182
2024-09-05 13:34:08,ETHUSDT,bid,2370,4553.15
2024-09-05 13:34:14,ETHUSDT,bid,2370,4554.837
2024-09-05 13:34:36,ETHUSDT,bid,2330,4738.517
2024-09-05 13:34:38,ETHUSDT,bid,2350,5506.956
2024-09-05 13:34:54,ETHUSDT,bid,2350,5508.456
2024-09-05 13:35:08,ETHUSDT,bid,2350,5507.18
2024-09-05 13:35:16,ETHUSDT,bid,2350,5507.17
2024-09-05 13:35:17,ETHUSDT,bid,2370,4555.005
2024-09-05 13:35:17,ETHUSDT,bid,2350,5508.021
2024-09-05 13:35:33,ETHUSDT,bid,2350,5508.063
2024-09-05 13:35:40,ETHUSDT,bid,2350,5508.563
2024-09-05 13:35:43,ETHUSDT,bid,2350,5505.563
2024-09-05 13:36:02,ETHUSDT,bid,2330,4738.461
2024-09-05 13:36:02,ETHUSDT,bid,2350,5505.507
2024-09-05 13:36:02,ETHUSDT,bid,2370,4554.949
2024-09-05 13:36:05,ETHUSDT,bid,2370,4555.378
2024-09-05 13:36:08,ETHUSDT,bid,2350,5505.307
2024-09-05 13:36:27,ETHUSDT,bid,2330,4738.546
2024-09-05 13:36:38,ETHUSDT,bid,2330,4740.546
2024-09-05 13:36:41,ETHUSDT,bid,2370,4553.691
2024-09-05 13:36:47,ETHUSDT,bid,2370,4553.591
2024-09-05 13:36:47,ETHUSDT,bid,2330,4745.44
2024-09-05 13:37:05,ETHUSDT,bid,2350,5507.434
2024-09-05 13:37:09,ETHUSDT,bid,2350,5507.975
2024-09-05 13:37:12,ETHUSDT,bid,2350,5508.017
2024-09-05 13:37:13,ETHUSDT,bid,2330,4744.44
2024-09-05 13:37:33,ETHUSDT,bid,2350,5507.817
2024-09-05 13:37:33,ETHUSDT,bid,2350,5507.857
2024-09-05 13:37:34,ETHUSDT,bid,2370,4555.137
2024-09-05 13:37:39,ETHUSDT,bid,2370,4556.137
2024-09-05 13:37:40,ETHUSDT,bid,2350,5508.377
2024-09-05 13:37:42,ETHUSDT,bid,2370,4555.839
2024-09-05 13:37:58,ETHUSDT,bid,2330,4757.315
2024-09-05 13:38:03,ETHUSDT,bid,2370,4555.869
2024-09-05 13:38:04,ETHUSDT,bid,2370,4555.44
2024-09-05 13:38:05,ETHUSDT,bid,2350,5508.097
2024-09-05 13:38:08,ETHUSDT,bid,2370,4555.46
2024-09-05 13:38:23,ETHUSDT,bid,2370,4555.502
2024-09-05 13:38:32,ETHUSDT,bid,2200,4541.191
2024-09-05 13:38:34,ETHUSDT,bid,2210,4527.985
2024-09-05 13:38:38,ETHUSDT,ask,2590,5827.472
2024-09-05 13:38:39,ETHUSDT,bid,2370,4554.364
2024-09-05 13:38:40,ETHUSDT,bid,1700,6031.485
2024-09-05 13:38:43,ETHUSDT,bid,2330,4757.815
2024-09-05 13:38:43,ETHUSDT,bid,2330,4756.815
2024-09-05 13:38:45,ETHUSDT,bid,2370,4553.364
2024-09-05 13:38:48,ETHUSDT,bid,2370,4552.464
2024-09-05 13:38:49,ETHUSDT,bid,2350,5508.312
2024-09-05 13:38:52,ETHUSDT,bid,2350,5508.42
2024-09-05 13:38:57,ETHUSDT,bid,2350,5508.356
2024-09-05 13:39:10,ETHUSDT,bid,2350,5508.423
2024-09-05 13:39:18,ETHUSDT,bid,2350,5509.254
2024-09-05 13:39:28,ETHUSDT,bid,2350,5509.736
2024-09-05 13:39:30,ETHUSDT,bid,2350,5509.786
2024-09-05 13:39:37,ETHUSDT,bid,2350,5509.859
2024-09-05 13:39:48,ETHUSDT,bid,2330,4746.815
2024-09-05 13:39:52,ETHUSDT,bid,2350,5509.377
2024-09-05 13:39:59,ETHUSDT,bid,2330,4747.315
2024-09-05 13:40:13,ETHUSDT,bid,2350,5509.191
2024-09-05 13:40:20,ETHUSDT,bid,2350,5509.785
2024-09-05 13:40:21,ETHUSDT,bid,2350,5509.995
2024-09-05 13:40:22,ETHUSDT,bid,2350,5512.122
2024-09-05 13:40:23,ETHUSDT,bid,2350,5512.441
2024-09-05 13:40:23,ETHUSDT,bid,2330,4747.23
2024-09-05 13:40:26,ETHUSDT,bid,2350,5509.037
2024-09-05 13:40:28,ETHUSDT,bid,2330,4747.42
2024-09-05 13:40:31,ETHUSDT,bid,2330,4747.591
2024-09-05 13:40:39,ETHUSDT,bid,2350,5509.081
2024-09-05 13:40:41,ETHUSDT,bid,2370,4552.664
2024-09-05 13:40:45,ETHUSDT,bid,2350,5508.871
2024-09-05 13:40:50,ETHUSDT,bid,2370,4552.874
2024-09-05 13:40:53,ETHUSDT,bid,2350,5509.021
2024-09-05 13:40:56,ETHUSDT,bid,2370,4551.874
2024-09-05 13:40:56,ETHUSDT,bid,2370,4551.267
2024-09-05 13:41:04,ETHUSDT,bid,2330,4747.848
2024-09-05 13:41:12,ETHUSDT,bid,2330,4747.755
2024-09-05 13:41:12,ETHUSDT,bid,2350,5507.724
2024-09-05 13:41:14,ETHUSDT,bid,2370,4551.667
2024-09-05 13:41:15,ETHUSDT,bid,2350,5509.851
2024-09-05 13:41:19,ETHUSDT,bid,2370,4551.698
2024-09-05 13:41:23,ETHUSDT,bid,2350,5509.711
2024-09-05 13:41:23,ETHUSDT,bid,2370,4551.558
2024-09-05 13:41:23,ETHUSDT,bid,2330,4747.764
2024-09-05 13:41:23,ETHUSDT,bid,2350,5509.72
2024-09-05 13:41:23,ETHUSDT,bid,2370,4551.567
2024-09-05 13:41:40,ETHUSDT,bid,2350,5509.053
2024-09-05 13:41:56,ETHUSDT,bid,2350,5509.139
2024-09-05 13:42:05,ETHUSDT,bid,2370,4559.939
2024-09-05 13:42:24,ETHUSDT,bid,2350,5504.982
2024-09-05 13:42:27,ETHUSDT,bid,2330,4748.037
2024-09-05 13:42:37,ETHUSDT,bid,2370,4560.139
2024-09-05 13:42:44,ETHUSDT,bid,2370,4560.181
2024-09-05 13:43:37,ETHUSDT,bid,2330,4748.064
2024-09-05 13:43:37,ETHUSDT,bid,2350,5505.009
2024-09-05 13:43:37,ETHUSDT,bid,2370,4560.208
2024-09-05 13:43:48,ETHUSDT,bid,2370,4557.208
2024-09-05 13:44:02,ETHUSDT,bid,2370,4557.508
2024-09-05 13:44:21,ETHUSDT,bid,2370,4556.454
2024-09-05 13:44:45,ETHUSDT,bid,2350,5505.109
2024-09-05 13:45:03,ETHUSDT,bid,2330,4748.921
2024-09-05 13:45:03,ETHUSDT,bid,2370,4555.611
2024-09-05 13:45:12,ETHUSDT,bid,2350,5505.477
2024-09-05 13:45:16,ETHUSDT,bid,2370,4556.111
2024-09-05 13:45:20,ETHUSDT,bid,2370,4596.111
2024-09-05 13:45:26,ETHUSDT,bid,2350,5506.677
2024-09-05 13:45:30,ETHUSDT,bid,2330,4749.292
2024-09-05 13:45:31,ETHUSDT,bid,2370,4596.069
2024-09-05 13:45:55,ETHUSDT,bid,2370,4596.089
2024-09-05 13:46:14,ETHUSDT,bid,2350,5507.031
2024-09-05 13:46:22,ETHUSDT,bid,2330,4741.292
2024-09-05 13:46:39,ETHUSDT,bid,2350,5506.357
2024-09-05 13:46:42,ETHUSDT,bid,2350,5504.136
2024-09-05 13:46:55,ETHUSDT,bid,2350,5504.743
2024-09-05 13:46:55,ETHUSDT,bid,2350,5504.856
2024-09-05 13:47:05,ETHUSDT,bid,2350,5505.356
2024-09-05 13:47:06,ETHUSDT,bid,2370,4593.622
2024-09-05 13:47:13,ETHUSDT,bid,2370,4585.25
2024-09-05 13:47:13,ETHUSDT,bid,2350,5505.376
2024-09-05 13:47:14,ETHUSDT,bid,2350,5505.385
2024-09-05 13:47:40,ETHUSDT,bid,2350,5507.078
2024-09-05 13:47:48,ETHUSDT,bid,2330,4741.312
2024-09-05 13:47:57,ETHUSDT,bid,2370,4587.685
2024-09-05 13:48:21,ETHUSDT,bid,2370,4601.591
2024-09-05 13:48:41,ETHUSDT,bid,2350,5508.354
2024-09-05 13:48:41,ETHUSDT,bid,2370,4601.571
2024-09-05 13:48:50,ETHUSDT,bid,2370,4587.665
2024-09-05 13:48:57,ETHUSDT,bid,2370,4588.165
2024-09-05 13:49:07,ETHUSDT,bid,2350,5506.348
2024-09-05 13:49:09,ETHUSDT,bid,2350,5506.364
2024-09-05 13:49:11,ETHUSDT,bid,2350,5506.594
2024-09-05 13:49:13,ETHUSDT,bid,2350,5506.615
2024-09-05 13:49:14,ETHUSDT,bid,2370,4588.282
2024-09-05 13:49:21,ETHUSDT,bid,2370,4588.374
2024-09-05 13:49:26,ETHUSDT,bid,1960,5263.356
2024-09-05 13:49:37,ETHUSDT,bid,2370,4588.466
2024-09-05 13:49:55,ETHUSDT,bid,2350,5506.74
2024-09-05 13:50:01,ETHUSDT,bid,2350,5506.636
2024-09-05 13:50:18,ETHUSDT,bid,2350,5506.786
2024-09-05 13:50:28,ETHUSDT,bid,2350,5507.111
2024-09-05 13:50:33,ETHUSDT,bid,2350,5505.611
2024-09-05 13:50:47,ETHUSDT,bid,2370,4588.266
2024-09-05 13:50:50,ETHUSDT,bid,2370,4589.266
2024-09-05 13:50:52,ETHUSDT,bid,2370,4589.316
2024-09-05 13:50:53,ETHUSDT,bid,2370,4589.378
2024-09-05 13:50:55,ETHUSDT,bid,2370,4589.391
2024-09-05 13:50:56,ETHUSDT,bid,2350,5505.871
2024-09-05 13:50:57,ETHUSDT,bid,2370,4589.483
2024-09-05 13:50:59,ETHUSDT,bid,2350,5505.709
2024-09-05 13:51:11,ETHUSDT,bid,2330,4741.321
2024-09-05 13:51:20,ETHUSDT,bid,2350,5506.41
2024-09-05 13:51:25,ETHUSDT,bid,2350,5507.433
2024-09-05 13:51:36,ETHUSDT,bid,2370,4589.715
2024-09-05 13:51:36,ETHUSDT,bid,2370,4589.856
2024-09-05 13:51:47,ETHUSDT,bid,2350,5510.433
2024-09-05 13:51:48,ETHUSDT,bid,2350,5510.577
2024-09-05 13:52:05,ETHUSDT,bid,2350,5510.607
2024-09-05 13:52:20,ETHUSDT,bid,2370,4589.956
2024-09-05 13:52:25,ETHUSDT,bid,2370,4592.487
2024-09-05 13:52:25,ETHUSDT,bid,2350,5508.607
2024-09-05 13:52:33,ETHUSDT,bid,2350,5525.718
2024-09-05 13:52:37,ETHUSDT,bid,2350,5525.503
2024-09-05 13:52:39,ETHUSDT,bid,2370,4592.315
2024-09-05 13:52:50,ETHUSDT,bid,2370,4594.411
2024-09-05 13:53:07,ETHUSDT,bid,2350,5526.003
2024-09-05 13:53:19,ETHUSDT,bid,2370,4591.976
2024-09-05 13:53:40,ETHUSDT,bid,2370,4596.195
2024-09-05 13:53:49,ETHUSDT,bid,2370,4595.352
2024-09-05 13:54:11,ETHUSDT,bid,2370,4596.352
2024-09-05 13:54:14,ETHUSDT,bid,2370,4595.352
2024-09-05 13:55:39,ETHUSDT,bid,2350,5544.07
2024-09-05 13:55:41,ETHUSDT,bid,2350,5544.049
2024-09-05 13:55:47,ETHUSDT,bid,2350,5548.84
2024-09-05 13:55:59,ETHUSDT,bid,2370,4595.365
2024-09-05 13:56:06,ETHUSDT,bid,2370,4595.352
2024-09-05 13:56:36,ETHUSDT,bid,2350,5561.961
2024-09-05 13:56:49,ETHUSDT,bid,2350,5562.218
2024-09-05 13:56:59,ETHUSDT,bid,2350,5562.524
2024-09-05 13:57:13,ETHUSDT,bid,2350,5561.983
2024-09-05 13:57:15,ETHUSDT,bid,2330,4751.3
2024-09-05 13:57:16,ETHUSDT,bid,2370,4595.773
2024-09-05 13:57:22,ETHUSDT,bid,2330,4751.518
2024-09-05 13:57:35,ETHUSDT,bid,2370,4595.942
2024-09-05 13:57:50,ETHUSDT,bid,2370,4595.521
2024-09-05 13:57:57,ETHUSDT,bid,2350,5564.983
2024-09-05 13:58:16,ETHUSDT,bid,2370,4595.352
2024-09-05 13:58:17,ETHUSDT,bid,2350,5547.872
2024-09-05 13:58:37,ETHUSDT,bid,2350,5552.872
2024-09-05 13:58:39,ETHUSDT,bid,2350,5553.872
2024-09-05 13:58:41,ETHUSDT,bid,2350,5553.893
2024-09-05 13:58:42,ETHUSDT,bid,2370,4595.602
2024-09-05 13:59:00,ETHUSDT,bid,2330,4757.955
2024-09-05 13:59:04,ETHUSDT,bid,2370,4595.181
2024-09-05 13:59:18,ETHUSDT,bid,2350,5553.911
2024-09-05 13:59:30,ETHUSDT,bid,2330,4758.073
2024-09-05 13:59:31,ETHUSDT,bid,2350,5553.966
2024-09-05 13:59:44,ETHUSDT,bid,2350,5554.174
2024-09-05 13:59:46,ETHUSDT,bid,2370,4595.168
2024-09-05 14:00:02,ETHUSDT,bid,2200,4541.309
2024-09-05 14:00:15,ETHUSDT,bid,2370,4595.181
2024-09-05 14:00:30,ETHUSDT,bid,2350,5554.707
2024-09-05 14:00:45,ETHUSDT,bid,2370,4595.946
2024-09-05 14:00:50,ETHUSDT,bid,2370,4597.374
2024-09-05 14:00:51,ETHUSDT,bid,2350,5555.013
2024-09-05 14:01:08,ETHUSDT,bid,2350,5576.264
2024-09-05 14:01:12,ETHUSDT,bid,2350,5576.378
2024-09-05 14:01:16,ETHUSDT,bid,2350,5575.378
2024-09-05 14:01:20,ETHUSDT,bid,2350,5575.024
2024-09-05 14:01:20,ETHUSDT,bid,2370,4597.361
2024-09-05 14:01:24,ETHUSDT,bid,2330,4759.073
2024-09-05 14:01:38,ETHUSDT,bid,2330,4759.176
2024-09-05 14:01:39,ETHUSDT,bid,2350,5574.001
2024-09-05 14:01:41,ETHUSDT,bid,2350,5574.355
2024-09-05 14:02:06,ETHUSDT,bid,2370,4597.374
2024-09-05 14:02:06,ETHUSDT,bid,2330,4759.073
2024-09-05 14:02:13,ETHUSDT,bid,2330,4759.244
2024-09-05 14:02:20,ETHUSDT,bid,2330,4676.648
2024-09-05 14:02:25,ETHUSDT,bid,2350,5574.345
2024-09-05 14:02:29,ETHUSDT,bid,2370,4595.946
2024-09-05 14:02:30,ETHUSDT,bid,2350,5580.443
2024-09-05 14:02:33,ETHUSDT,bid,2370,4595.933
2024-09-05 14:02:36,ETHUSDT,bid,2350,5574.345
2024-09-05 14:02:44,ETHUSDT,bid,2350,5575.196
2024-09-05 14:02:48,ETHUSDT,bid,2350,5553.945
2024-09-05 14:02:59,ETHUSDT,bid,2350,5556.871
2024-09-05 14:03:00,ETHUSDT,bid,2350,5556.02
2024-09-05 14:03:04,ETHUSDT,bid,2350,5556.355
2024-09-05 14:03:06,ETHUSDT,bid,2350,5556.367
2024-09-05 14:03:07,ETHUSDT,bid,2350,5558.981
2024-09-05 14:03:12,ETHUSDT,bid,2350,5558.924
2024-09-05 14:03:19,ETHUSDT,bid,2350,5559.243
2024-09-05 14:03:19,ETHUSDT,bid,1960,5269.926
2024-09-05 14:03:21,ETHUSDT,bid,2370,4595.833
2024-09-05 14:03:28,ETHUSDT,bid,2350,5559.296
2024-09-05 14:03:32,ETHUSDT,bid,2350,5558.977
2024-09-05 14:03:32,ETHUSDT,bid,2350,5558.677
2024-09-05 14:03:34,ETHUSDT,bid,2370,4595.846
2024-09-05 14:04:05,ETHUSDT,bid,2370,4601.046
2024-09-05 14:04:19,ETHUSDT,bid,2350,5557.827
2024-09-05 14:04:42,ETHUSDT,bid,2330,4676.612
2024-09-05 14:04:46,ETHUSDT,bid,2370,4601.037
2024-09-05 14:04:47,ETHUSDT,bid,2350,5557.774
2024-09-05 14:04:57,ETHUSDT,bid,2350,5557.455
2024-09-05 14:04:58,ETHUSDT,bid,2350,5600.004
2024-09-05 14:05:11,ETHUSDT,bid,2370,4601.458
2024-09-05 14:05:16,ETHUSDT,bid,2370,4602.211
2024-09-05 14:05:24,ETHUSDT,bid,2350,5607.912
2024-09-05 14:05:37,ETHUSDT,bid,2370,4602.223
2024-09-05 14:05:47,ETHUSDT,bid,2370,4598.338
2024-09-05 14:05:49,ETHUSDT,bid,2350,5607.924
2024-09-05 14:05:58,ETHUSDT,bid,2350,5607.78
2024-09-05 14:06:00,ETHUSDT,bid,2350,5627.78
2024-09-05 14:06:17,ETHUSDT,bid,2350,5627.833
2024-09-05 14:06:19,ETHUSDT,bid,2350,5628.152
2024-09-05 14:06:25,ETHUSDT,bid,2350,5623.152
2024-09-05 14:06:37,ETHUSDT,bid,2370,4597.916
2024-09-05 14:06:52,ETHUSDT,bid,2370,4618.802
2024-09-05 14:07:02,ETHUSDT,bid,2350,5623.095
2024-09-05 14:07:02,ETHUSDT,bid,2330,4675.612
2024-09-05 14:07:15,ETHUSDT,bid,2350,5623.104
2024-09-05 14:07:18,ETHUSDT,bid,2350,5622.679
2024-09-05 14:07:44,ETHUSDT,bid,2370,4610.364
2024-09-05 14:07:48,ETHUSDT,bid,2350,5621.779
2024-09-05 14:07:49,ETHUSDT,bid,2350,5618.779
2024-09-05 14:07:52,ETHUSDT,bid,2370,4610.343
2024-09-05 14:08:11,ETHUSDT,bid,2370,4609.922
2024-09-05 14:08:13,ETHUSDT,bid,2350,5619.112
2024-09-05 14:08:26,ETHUSDT,bid,2370,4488.022
2024-09-05 14:08:28,ETHUSDT,bid,2370,4467.136
2024-09-05 14:08:50,ETHUSDT,bid,2350,5618.053
2024-09-05 14:09:19,ETHUSDT,bid,2350,5618.469
2024-09-05 14:09:19,ETHUSDT,bid,2350,5618.263
2024-09-05 14:09:19,ETHUSDT,bid,2350,5619.996
2024-09-05 14:09:37,ETHUSDT,bid,2370,4467.536
2024-09-05 14:09:41,ETHUSDT,bid,2350,5620.196
2024-09-05 14:09:42,ETHUSDT,bid,2350,5619.877
2024-09-05 14:09:53,ETHUSDT,bid,2350,5619.677
2024-09-05 14:09:58,ETHUSDT,bid,2350,5577.128
2024-09-05 14:10:28,ETHUSDT,bid,2330,4675.692
2024-09-05 14:10:28,ETHUSDT,bid,2350,5577.207
2024-09-05 14:10:28,ETHUSDT,bid,2370,4467.615
2024-09-05 14:10:47,ETHUSDT,bid,2370,4475.134
2024-09-05 14:10:49,ETHUSDT,bid,2350,5575.474
2024-09-05 14:11:10,ETHUSDT,bid,2370,4473.134
2024-09-05 14:11:18,ETHUSDT,bid,2370,4471.038
2024-09-05 14:11:58,ETHUSDT,bid,2330,4675.521
2024-09-05 14:11:58,ETHUSDT,bid,2350,5575.454
2024-09-05 14:12:00,ETHUSDT,bid,2330,4665.542
2024-09-05 14:12:27,ETHUSDT,bid,2370,4465.17
2024-09-05 14:12:30,ETHUSDT,bid,2350,5575.404
2024-09-05 14:12:30,ETHUSDT,bid,2370,4465.11
2024-09-05 14:12:33,ETHUSDT,bid,2140,4946.153
2024-09-05 14:12:33,ETHUSDT,bid,2370,4465.199
2024-09-05 14:12:35,ETHUSDT,bid,2200,4550.929
2024-09-05 14:12:35,ETHUSDT,bid,2220,4504.755
2024-09-05 14:12:35,ETHUSDT,bid,2370,4465.185
2024-09-05 14:12:58,ETHUSDT,bid,2370,4457.666
2024-09-05 14:13:03,ETHUSDT,bid,2370,4457.166
2024-09-05 14:13:41,ETHUSDT,bid,2330,4663.523
2024-09-05 14:13:46,ETHUSDT,bid,2350,5575.87
2024-09-05 14:14:06,ETHUSDT,bid,2370,4456.323
2024-09-05 14:14:53,ETHUSDT,bid,2330,4663.333
2024-09-05 14:15:05,ETHUSDT,bid,2350,5573.87
2024-09-05 14:15:08,ETHUSDT,bid,2350,5573.762
2024-09-05 14:15:09,ETHUSDT,bid,1700,6031.453
2024-09-05 14:15:37,ETHUSDT,bid,2350,5573.19
2024-09-05 14:15:37,ETHUSDT,bid,2350,5573.29
2024-09-05 14:15:40,ETHUSDT,bid,2350,5573.19
2024-09-05 14:15:44,ETHUSDT,bid,2350,5572.469
2024-09-05 14:16:03,ETHUSDT,bid,2370,4456.197
2024-09-05 14:16:05,ETHUSDT,bid,2350,5647.469
2024-09-05 14:16:19,ETHUSDT,bid,2350,5647.246
2024-09-05 14:16:54,ETHUSDT,bid,2370,4456.188
2024-09-05 14:16:56,ETHUSDT,bid,2330,4660.758
2024-09-05 14:17:03,ETHUSDT,bid,2330,4661.187
2024-09-05 14:17:15,ETHUSDT,bid,2350,5648.72
2024-09-05 14:17:30,ETHUSDT,bid,2370,4455.788
2024-09-05 14:17:43,ETHUSDT,bid,2370,4455.821
2024-09-05 14:18:05,ETHUSDT,bid,2370,4453.623
2024-09-05 14:18:31,ETHUSDT,bid,2200,4551.929
2024-09-05 14:18:33,ETHUSDT,bid,2330,4662.044
2024-09-05 14:18:58,ETHUSDT,bid,2350,5647.52
2024-09-05 14:19:04,ETHUSDT,bid,2350,5647.529
2024-09-05 14:19:10,ETHUSDT,bid,2370,4453.657
2024-09-05 14:19:21,ETHUSDT,bid,2330,4661.918
2024-09-05 14:19:23,ETHUSDT,bid,2370,4507.961
2024-09-05 14:19:27,ETHUSDT,bid,2350,5647.579
2024-09-05 14:19:29,ETHUSDT,bid,2350,5647.473
2024-09-05 14:19:31,ETHUSDT,bid,2330,4662.089
2024-09-05 14:19:49,ETHUSDT,bid,2330,4662.069
2024-09-05 14:19:52,ETHUSDT,bid,2350,5647.453
2024-09-05 14:20:03,ETHUSDT,bid,2350,5648.453
2024-09-05 14:20:03,ETHUSDT,bid,2370,4508.155
2024-09-05 14:20:17,ETHUSDT,bid,2350,5647.177
2024-09-05 14:21:09,ETHUSDT,bid,2350,5647.069
2024-09-05 14:21:13,ETHUSDT,bid,2370,4591.432
2024-09-05 14:21:14,ETHUSDT,bid,2330,4662.252
2024-09-05 14:21:23,ETHUSDT,bid,2330,4661.322
2024-09-05 14:21:25,ETHUSDT,bid,2370,4508.155
2024-09-05 14:21:37,ETHUSDT,bid,2370,4508.176
2024-09-05 14:21:46,ETHUSDT,bid,2370,4620.876
2024-09-05 14:22:02,ETHUSDT,bid,2370,4620.887
2024-09-05 14:22:11,ETHUSDT,bid,2350,5647.422
2024-09-05 14:22:20,ETHUSDT,bid,2370,4566.583
2024-09-05 14:22:20,ETHUSDT,bid,2370,4566.574
2024-09-05 14:22:21,ETHUSDT,bid,2350,5646.822
2024-09-05 14:22:26,ETHUSDT,bid,2350,5646.802
2024-09-05 14:22:26,ETHUSDT,bid,2370,4566.559
2024-09-05 14:22:39,ETHUSDT,bid,2350,5646.449
2024-09-05 14:22:43,ETHUSDT,bid,2330,4661.288
2024-09-05 14:23:22,ETHUSDT,bid,2350,5647.349
2024-09-05 14:23:41,ETHUSDT,bid,2350,5647.774
2024-09-05 14:24:03,ETHUSDT,bid,2370,4453.859
2024-09-05 14:24:52,ETHUSDT,bid,2350,5647.349
2024-09-05 14:25:01,ETHUSDT,bid,2350,5646.575
2024-09-05 14:25:10,ETHUSDT,bid,2350,5606.575
2024-09-05 14:25:32,ETHUSDT,bid,2350,5606.787
2024-09-05 14:25:39,ETHUSDT,bid,2370,4453.849
2024-09-05 14:25:51,ETHUSDT,bid,2330,4660.436
2024-09-05 14:26:09,ETHUSDT,bid,2370,4454.049
2024-09-05 14:26:11,ETHUSDT,bid,2350,5606.808
2024-09-05 14:26:21,ETHUSDT,bid,2330,4659.936
2024-09-05 14:26:32,ETHUSDT,bid,2210,4527.605
2024-09-05 14:26:32,ETHUSDT,bid,2350,5606.722
2024-09-05 14:26:37,ETHUSDT,bid,2350,5607.232
2024-09-05 14:26:56,ETHUSDT,bid,2350,5604.618
2024-09-05 14:26:59,ETHUSDT,bid,2370,4453.96
2024-09-05 14:27:00,ETHUSDT,bid,2350,5601.692
2024-09-05 14:27:49,ETHUSDT,bid,2330,4658.936
2024-09-05 14:28:51,ETHUSDT,bid,2350,5600.903
2024-09-05 14:29:02,ETHUSDT,bid,2350,5633.903
2024-09-05 14:29:16,ETHUSDT,bid,2350,5633.868
2024-09-05 14:29:59,ETHUSDT,bid,2350,5633.827
2024-09-05 14:30:20,ETHUSDT,bid,2350,5632.976
2024-09-05 14:31:00,ETHUSDT,bid,2370,4452.896
2024-09-05 14:31:16,ETHUSDT,bid,2350,5633.226
2024-09-05 14:31:22,ETHUSDT,bid,2350,5633.217
2024-09-05 14:31:32,ETHUSDT,bid,2370,4460.418
2024-09-05 14:31:34,ETHUSDT,bid,2350,5633.302
2024-09-05 14:31:38,ETHUSDT,bid,2350,5634.337
2024-09-05 14:31:40,ETHUSDT,bid,2350,5634.252
2024-09-05 14:32:18,ETHUSDT,bid,2350,5634.152
2024-09-05 14:32:35,ETHUSDT,bid,2350,5632.15
2024-09-05 14:33:20,ETHUSDT,bid,2350,5629.985
2024-09-05 14:33:57,ETHUSDT,bid,2350,5630.042
2024-09-05 14:33:59,ETHUSDT,bid,2330,4659.029
2024-09-05 14:34:40,ETHUSDT,bid,2370,4460.318
2024-09-05 14:34:43,ETHUSDT,bid,2370,4464.532
2024-09-05 14:34:56,ETHUSDT,bid,2350,5629.842
2024-09-05 14:35:05,ETHUSDT,bid,2370,4464.544
2024-09-05 14:35:05,ETHUSDT,bid,2370,4464.403
2024-09-05 14:35:23,ETHUSDT,bid,2370,4465.138
2024-09-05 14:35:28,ETHUSDT,bid,2370,4465.361
2024-09-05 14:35:31,ETHUSDT,bid,2350,5649.842
2024-09-05 14:35:34,ETHUSDT,bid,2350,5649.851
2024-09-05 14:36:15,ETHUSDT,bid,2350,5650.495
2024-09-05 14:36:32,ETHUSDT,bid,2330,4659.08
2024-09-05 14:36:39,ETHUSDT,bid,2330,4659.049
2024-09-05 14:36:51,ETHUSDT,bid,2350,5650.46
2024-09-05 14:37:07,ETHUSDT,bid,2350,5650.581
2024-09-05 14:37:15,ETHUSDT,bid,2350,5650.652
2024-09-05 14:37:23,ETHUSDT,bid,2350,5652.653
2024-09-05 14:37:27,ETHUSDT,bid,2350,5652.582
2024-09-05 14:38:31,ETHUSDT,bid,2350,5652.709
2024-09-05 14:39:02,ETHUSDT,bid,2370,4461.147
2024-09-05 14:39:02,ETHUSDT,bid,2350,5652.919
2024-09-05 14:39:11,ETHUSDT,bid,2350,5653.784
2024-09-05 14:39:13,ETHUSDT,bid,2350,5654.284
2024-09-05 14:39:26,ETHUSDT,bid,2350,5655.387
2024-09-05 14:39:45,ETHUSDT,bid,1960,5270.426
2024-09-05 14:40:02,ETHUSDT,bid,2330,4659.039
2024-09-05 14:40:02,ETHUSDT,bid,2350,5655.377
2024-09-05 14:40:03,ETHUSDT,bid,2350,5655.071
2024-09-05 14:40:35,ETHUSDT,bid,2330,4659.221
2024-09-05 14:40:39,ETHUSDT,bid,2370,4460.093
2024-09-05 14:41:06,ETHUSDT,bid,2370,4461.093
2024-09-05 14:41:36,ETHUSDT,bid,2370,4460.093
2024-09-05 14:41:39,ETHUSDT,bid,2350,5655.321
2024-09-05 14:41:45,ETHUSDT,bid,2350,5656.321
2024-09-05 14:41:48,ETHUSDT,bid,2200,4545.613
2024-09-05 14:41:50,ETHUSDT,bid,2200,4541.309
2024-09-05 14:42:19,ETHUSDT,bid,2350,5656.301
2024-09-05 14:42:23,ETHUSDT,bid,2200,4545.613
2024-09-05 14:42:37,ETHUSDT,bid,2350,5656.18
2024-09-05 14:42:46,ETHUSDT,bid,2350,5653.68
2024-09-05 14:42:47,ETHUSDT,bid,2370,4730.626
2024-09-05 14:42:54,ETHUSDT,bid,2350,5653.801
2024-09-05 14:42:58,ETHUSDT,bid,2350,5654.301
2024-09-05 14:43:00,ETHUSDT,bid,2330,4660.079
2024-09-05 14:43:00,ETHUSDT,bid,2330,4662.579
2024-09-05 14:43:09,ETHUSDT,bid,2350,5652.174
2024-09-05 14:43:45,ETHUSDT,bid,2350,5652.358
2024-09-05 14:43:46,ETHUSDT,bid,2370,4730.416
2024-09-05 14:44:10,ETHUSDT,bid,2350,5652.958
2024-09-05 14:44:24,ETHUSDT,bid,2370,4731.259
2024-09-05 14:45:16,ETHUSDT,bid,2350,5652.837
2024-09-05 14:45:22,ETHUSDT,bid,2350,5653.337
2024-09-05 14:45:44,ETHUSDT,bid,2330,4663.179
2024-09-05 14:45:51,ETHUSDT,bid,2330,4663.447
2024-09-05 14:45:54,ETHUSDT,bid,2330,4663.413
2024-09-05 14:46:06,ETHUSDT,bid,2370,4731.238
2024-09-05 14:46:43,ETHUSDT,bid,2350,5652.815
2024-09-05 14:46:44,ETHUSDT,bid,2330,4662.913
2024-09-05 14:46:47,ETHUSDT,bid,2350,5652.315
2024-09-05 14:47:34,ETHUSDT,bid,2370,4731.248
2024-09-05 14:48:30,ETHUSDT,bid,2330,4664.341
2024-09-05 14:48:55,ETHUSDT,bid,2330,4659.447
2024-09-05 14:49:23,ETHUSDT,bid,2370,4731.348
2024-09-05 14:49:35,ETHUSDT,bid,2330,4659.46
2024-09-05 14:49:35,ETHUSDT,bid,2350,5652.328
2024-09-05 14:49:35,ETHUSDT,bid,2370,4731.361
2024-09-05 14:50:12,ETHUSDT,bid,2140,9425.678
2024-09-05 14:50:12,ETHUSDT,bid,2370,4731.381
2024-09-05 14:51:12,ETHUSDT,bid,2350,5652.481
2024-09-05 14:51:13,ETHUSDT,bid,2330,4656.96
2024-09-05 14:51:21,ETHUSDT,bid,2350,5652.424
2024-09-05 14:51:24,ETHUSDT,bid,2370,4731.075
2024-09-05 14:51:24,ETHUSDT,bid,2370,4731.168
2024-09-05 14:51:36,ETHUSDT,bid,2350,5652.524
2024-09-05 14:51:39,ETHUSDT,bid,2370,4730.518
2024-09-05 14:51:50,ETHUSDT,bid,2350,5655.405
2024-09-05 14:52:17,ETHUSDT,bid,2140,4946.856
2024-09-05 14:52:18,ETHUSDT,bid,2350,5675.405
2024-09-05 14:52:22,ETHUSDT,bid,2370,4730.609
2024-09-05 14:52:52,ETHUSDT,bid,2350,5676.532
2024-09-05 14:53:14,ETHUSDT,bid,2140,4948.639
2024-09-05 14:53:16,ETHUSDT,bid,2140,4947.936
2024-09-05 14:53:20,ETHUSDT,bid,2140,4950.413
2024-09-05 14:53:35,ETHUSDT,bid,2140,4951.658
2024-09-05 14:54:13,ETHUSDT,bid,2140,4949.875
2024-09-05 14:54:19,ETHUSDT,bid,2140,4947.398
2024-09-05 14:54:35,ETHUSDT,bid,2140,4946.153
2024-09-05 14:54:57,ETHUSDT,bid,2350,5677.532
2024-09-05 14:55:12,ETHUSDT,bid,2350,5677.553
2024-09-05 14:55:37,ETHUSDT,bid,2370,4730.862
2024-09-05 14:55:37,ETHUSDT,bid,2330,4656.789
2024-09-05 14:55:58,ETHUSDT,bid,2330,4657.09
2024-09-05 14:56:13,ETHUSDT,bid,2220,4507.755
2024-09-05 14:56:20,ETHUSDT,bid,2370,4732.462
2024-09-05 14:56:38,ETHUSDT,bid,2220,4505.755
2024-09-05 14:56:45,ETHUSDT,bid,2220,4506.755
2024-09-05 14:56:45,ETHUSDT,bid,2350,5677.765
2024-09-05 14:57:20,ETHUSDT,bid,2370,4734.748
2024-09-05 14:57:42,ETHUSDT,bid,2220,4509.755
2024-09-05 14:58:33,ETHUSDT,bid,2350,5679.041
2024-09-05 14:59:03,ETHUSDT,ask,2670,4133.663
2024-09-05 14:59:05,ETHUSDT,bid,1700,6032.448
2024-09-05 14:59:15,ETHUSDT,bid,2350,5681.041
2024-09-05 15:00:00,ETHUSDT,bid,2200,4545.495
2024-09-05 15:00:08,ETHUSDT,bid,2330,4655.09
2024-09-05 15:00:13,ETHUSDT,bid,2330,4659.558
2024-09-05 15:00:14,ETHUSDT,bid,2330,4659.416
2024-09-05 15:00:25,ETHUSDT,bid,2370,4739.748
2024-09-05 15:00:28,ETHUSDT,bid,2370,4738.202
2024-09-05 15:01:30,ETHUSDT,bid,2370,4738.623
2024-09-05 15:01:39,ETHUSDT,bid,2370,4738.723
2024-09-05 15:01:55,ETHUSDT,bid,2350,5681.032
2024-09-05 15:01:59,ETHUSDT,bid,2330,4659.115
2024-09-05 15:02:43,ETHUSDT,bid,2330,4659.102
2024-09-05 15:02:43,ETHUSDT,bid,2350,5681.019
2024-09-05 15:02:43,ETHUSDT,bid,2370,4738.71
2024-09-05 15:03:22,ETHUSDT,bid,1950,5128.159
2024-09-05 15:03:30,ETHUSDT,bid,2350,5681.361
2024-09-05 15:03:49,ETHUSDT,bid,2330,4654.634
2024-09-05 15:03:51,ETHUSDT,bid,2370,4738.289
2024-09-05 15:04:23,ETHUSDT,bid,2070,9669.397
2024-09-05 15:04:23,ETHUSDT,bid,2350,5681.388
2024-09-05 15:04:24,ETHUSDT,bid,1700,6031.39
2024-09-05 15:04:25,ETHUSDT,bid,2330,4654.935
2024-09-05 15:04:55,ETHUSDT,bid,2370,4736.689
2024-09-05 15:04:57,ETHUSDT,bid,2370,4736.489
2024-09-05 15:05:23,ETHUSDT,bid,2070,9669.367
2024-09-05 15:05:23,ETHUSDT,bid,2350,5681.361
2024-09-05 15:06:02,ETHUSDT,bid,2370,4736.579
2024-09-05 15:06:05,ETHUSDT,bid,2370,4736.158
2024-09-05 15:06:19,ETHUSDT,bid,2330,4662.874
2024-09-05 15:06:44,ETHUSDT,bid,2370,4740.372
2024-09-05 15:07:24,ETHUSDT,bid,2330,4663.085
2024-09-05 15:07:24,ETHUSDT,bid,2350,5681.572
2024-09-05 15:07:24,ETHUSDT,bid,2370,4740.583
2024-09-05 15:08:12,ETHUSDT,bid,2350,5682.572
2024-09-05 15:08:26,ETHUSDT,bid,2350,5683.088
2024-09-05 15:08:54,ETHUSDT,bid,2350,5682.088
2024-09-05 15:09:43,ETHUSDT,bid,2350,5683.088
2024-09-05 15:09:43,ETHUSDT,bid,2370,4740.677
2024-09-05 15:09:48,ETHUSDT,bid,2350,5683.182
2024-09-05 15:09:51,ETHUSDT,bid,2370,4738.677
2024-09-05 15:09:53,ETHUSDT,bid,2330,4663.179
2024-09-05 15:10:28,ETHUSDT,bid,2200,4550.929
2024-09-05 15:10:34,ETHUSDT,bid,2350,5663.182
2024-09-05 15:10:46,ETHUSDT,bid,2350,5666.479
2024-09-05 15:10:53,ETHUSDT,bid,2370,4737.942
2024-09-05 15:10:55,ETHUSDT,bid,2350,5668.229
