2024-08-11 00:09:02,BTCUSDT,bid,59800,509.102
2024-08-11 00:13:09,BTCUSDT,bid,59800,508.814
2024-08-11 00:24:50,BTCUSDT,bid,59800,508.818
2024-08-11 00:27:15,BTCUSDT,bid,59800,508.826
2024-08-11 00:28:16,BTCUSDT,bid,59800,508.818
2024-08-11 00:43:07,BTCUSDT,bid,59800,508.86
2024-08-11 00:48:51,BTCUSDT,bid,59800,508.342
2024-08-11 00:53:40,BTCUSDT,bid,59800,508.626
2024-08-11 00:54:07,BTCUSDT,bid,59800,508.528
2024-08-11 00:55:10,BTCUSDT,bid,47000,853.542
2024-08-11 00:55:51,BTCUSDT,bid,47000,853.537
2024-08-11 00:57:31,BTCUSDT,bid,59800,508.244
2024-08-11 01:07:15,BTCUSDT,bid,47500,635.699
2024-08-11 01:09:20,BTCUSDT,bid,47500,635.704
2024-08-11 01:12:15,BTCUSDT,bid,59800,508.444
2024-08-11 01:12:17,BTCUSDT,bid,59800,508.244
2024-08-11 01:16:17,BTCUSDT,bid,59800,508.215
2024-08-11 01:18:11,BTCUSDT,bid,59800,508.205
2024-08-11 01:20:01,BTCUSDT,bid,47000,853.512
2024-08-11 01:20:23,BTCUSDT,bid,59800,509.039
2024-08-11 01:23:21,BTCUSDT,bid,59800,509.036
2024-08-11 01:25:26,BTCUSDT,bid,59800,509.112
2024-08-11 01:27:14,BTCUSDT,bid,59800,509.312
2024-08-11 01:27:16,BTCUSDT,bid,59800,509.112
2024-08-11 01:32:17,BTCUSDT,bid,59800,509.079
2024-08-11 01:33:28,BTCUSDT,bid,59800,509.279
2024-08-11 01:33:30,BTCUSDT,bid,59800,509.079
2024-08-11 01:37:12,BTCUSDT,bid,59800,509.279
2024-08-11 01:37:16,BTCUSDT,bid,59800,509.079
2024-08-11 01:37:16,BTCUSDT,bid,59800,509.279
2024-08-11 01:37:18,BTCUSDT,bid,59800,509.079
2024-08-11 01:37:21,BTCUSDT,bid,59800,509.279
2024-08-11 01:37:22,BTCUSDT,bid,59800,509.079
2024-08-11 01:37:23,BTCUSDT,bid,59800,509.279
2024-08-11 01:37:28,BTCUSDT,bid,59800,509.079
2024-08-11 01:37:51,BTCUSDT,bid,59800,509.279
2024-08-11 01:37:53,BTCUSDT,bid,59800,509.079
2024-08-11 01:43:08,BTCUSDT,bid,61000,800.902
2024-08-11 01:43:08,BTCUSDT,bid,61000,800.904
2024-08-11 01:43:08,BTCUSDT,bid,61000,800.906
2024-08-11 01:43:09,BTCUSDT,bid,61000,800.906
2024-08-11 01:43:09,BTCUSDT,bid,61000,800.904
2024-08-11 01:43:09,BTCUSDT,bid,61000,800.904
2024-08-11 01:43:09,BTCUSDT,bid,61000,800.904
2024-08-11 01:43:11,BTCUSDT,bid,61000,800.902
2024-08-11 01:43:12,BTCUSDT,bid,61000,800.906
2024-08-11 01:43:12,BTCUSDT,bid,61000,801.731
2024-08-11 01:43:12,BTCUSDT,bid,61000,800.906
2024-08-11 01:43:12,BTCUSDT,bid,61000,800.91
2024-08-11 01:43:13,BTCUSDT,bid,61000,801.735
2024-08-11 01:43:13,BTCUSDT,bid,61000,800.91
2024-08-11 01:43:14,BTCUSDT,bid,61000,800.91
2024-08-11 01:43:15,BTCUSDT,bid,61000,800.91
2024-08-11 01:43:17,BTCUSDT,bid,61000,800.969
2024-08-11 01:43:19,BTCUSDT,bid,61000,801.794
2024-08-11 01:43:19,BTCUSDT,bid,61000,800.969
2024-08-11 01:43:19,BTCUSDT,bid,61000,800.969
2024-08-11 01:43:19,BTCUSDT,bid,61000,800.969
2024-08-11 01:43:20,BTCUSDT,bid,61000,800.969
2024-08-11 01:43:22,BTCUSDT,bid,61000,800.969
2024-08-11 01:43:22,BTCUSDT,bid,61000,800.969
2024-08-11 01:43:23,BTCUSDT,bid,61000,801.794
2024-08-11 01:43:23,BTCUSDT,bid,61000,800.969
2024-08-11 01:43:25,BTCUSDT,bid,61000,800.969
2024-08-11 01:43:26,BTCUSDT,bid,61000,800.969
2024-08-11 01:43:28,BTCUSDT,bid,61000,800.969
2024-08-11 01:43:28,BTCUSDT,bid,61000,801.021
2024-08-11 01:43:28,BTCUSDT,bid,61000,800.94
2024-08-11 01:43:36,BTCUSDT,bid,61000,800.9
2024-08-11 01:43:45,BTCUSDT,bid,59800,508.245
2024-08-11 01:44:51,BTCUSDT,bid,47000,853.48
2024-08-11 01:50:36,BTCUSDT,bid,47300,806.328
2024-08-11 01:51:55,BTCUSDT,bid,59800,508.237
2024-08-11 02:12:53,BTCUSDT,bid,47000,853.427
2024-08-11 02:19:04,BTCUSDT,bid,59800,508.437
2024-08-11 02:19:07,BTCUSDT,bid,59800,508.237
2024-08-11 02:20:14,BTCUSDT,bid,59800,508.225
2024-08-11 02:25:33,BTCUSDT,bid,59800,509.071
2024-08-11 02:26:47,BTCUSDT,bid,59800,509.256
2024-08-11 02:27:35,BTCUSDT,bid,59800,509.071
2024-08-11 02:28:07,BTCUSDT,bid,59800,509.075
2024-08-11 02:37:50,BTCUSDT,bid,59800,509.116
2024-08-11 02:38:15,BTCUSDT,bid,59800,509.075
2024-08-11 02:39:03,BTCUSDT,bid,47500,635.697
2024-08-11 02:40:30,BTCUSDT,bid,59800,509.077
2024-08-11 02:52:42,BTCUSDT,bid,59800,509.277
2024-08-11 02:52:45,BTCUSDT,bid,59800,509.077
2024-08-11 02:52:46,BTCUSDT,bid,59800,509.277
2024-08-11 02:52:48,BTCUSDT,bid,59800,509.077
2024-08-11 02:53:57,BTCUSDT,bid,59800,509.277
2024-08-11 02:53:59,BTCUSDT,bid,59800,509.077
2024-08-11 02:54:00,BTCUSDT,bid,59800,509.277
2024-08-11 02:54:02,BTCUSDT,bid,59800,509.077
2024-08-11 02:56:43,BTCUSDT,bid,59800,508.451
2024-08-11 03:03:05,BTCUSDT,bid,59800,508.44
2024-08-11 03:04:07,BTCUSDT,bid,59800,508.64
2024-08-11 03:04:10,BTCUSDT,bid,59800,508.44
2024-08-11 03:06:09,BTCUSDT,bid,59800,508.64
2024-08-11 03:06:10,BTCUSDT,bid,59800,508.44
2024-08-11 03:19:02,BTCUSDT,bid,59800,508.64
2024-08-11 03:19:05,BTCUSDT,bid,59800,508.44
2024-08-11 03:25:42,BTCUSDT,bid,59800,508.522
2024-08-11 03:25:56,BTCUSDT,bid,59800,508.44
2024-08-11 03:26:09,BTCUSDT,bid,59800,508.522
2024-08-11 03:26:24,BTCUSDT,bid,59800,508.44
2024-08-11 03:39:27,BTCUSDT,bid,59800,507.81
2024-08-11 03:44:06,BTCUSDT,bid,59800,508.01
2024-08-11 03:44:09,BTCUSDT,bid,59800,507.81
2024-08-11 03:44:10,BTCUSDT,bid,59800,508.01
2024-08-11 03:44:12,BTCUSDT,bid,59800,507.81
2024-08-11 03:50:12,BTCUSDT,bid,47500,635.693
2024-08-11 03:55:15,BTCUSDT,bid,47000,853.382
2024-08-11 03:58:14,BTCUSDT,bid,47000,853.419
2024-08-11 03:58:20,BTCUSDT,bid,47000,853.382
2024-08-11 04:02:08,BTCUSDT,bid,59800,508.794
2024-08-11 04:02:38,BTCUSDT,bid,59800,507.81
2024-08-11 04:18:49,BTCUSDT,bid,47000,853.393
2024-08-11 04:32:23,BTCUSDT,bid,59800,507.784
2024-08-11 04:45:04,BTCUSDT,bid,59800,507.79
2024-08-11 04:45:11,BTCUSDT,bid,47000,853.533
2024-08-11 04:46:21,BTCUSDT,bid,59800,509.783
2024-08-11 04:49:20,BTCUSDT,bid,59800,507.79
2024-08-11 04:50:19,BTCUSDT,bid,47000,853.521
2024-08-11 05:05:51,BTCUSDT,bid,59800,507.99
2024-08-11 05:05:54,BTCUSDT,bid,59800,507.79
2024-08-11 05:07:33,BTCUSDT,bid,59800,507.99
2024-08-11 05:07:36,BTCUSDT,bid,59800,507.79
2024-08-11 05:17:42,BTCUSDT,bid,47000,853.541
2024-08-11 05:18:23,BTCUSDT,bid,59800,507.99
2024-08-11 05:18:25,BTCUSDT,bid,59800,507.79
2024-08-11 05:19:39,BTCUSDT,bid,59800,507.99
2024-08-11 05:19:41,BTCUSDT,bid,59800,507.79
2024-08-11 05:20:50,BTCUSDT,bid,59800,507.99
2024-08-11 05:20:53,BTCUSDT,bid,59800,507.79
2024-08-11 05:20:54,BTCUSDT,bid,59800,507.99
2024-08-11 05:20:57,BTCUSDT,bid,59800,507.79
2024-08-11 05:20:57,BTCUSDT,bid,59800,507.99
2024-08-11 05:20:59,BTCUSDT,bid,59800,507.79
2024-08-11 05:21:00,BTCUSDT,bid,59800,507.99
2024-08-11 05:21:03,BTCUSDT,bid,59800,507.79
2024-08-11 05:21:05,BTCUSDT,bid,59800,507.99
2024-08-11 05:21:07,BTCUSDT,bid,59800,507.79
2024-08-11 05:37:38,BTCUSDT,bid,59800,507.77
2024-08-11 05:41:16,BTCUSDT,bid,59800,508.104
2024-08-11 05:45:02,BTCUSDT,bid,59800,509.254
2024-08-11 05:45:04,BTCUSDT,bid,59800,510.255
2024-08-11 05:45:15,BTCUSDT,bid,59800,510.253
2024-08-11 05:47:27,BTCUSDT,bid,59800,510.453
2024-08-11 05:47:28,BTCUSDT,bid,59800,510.253
2024-08-11 05:47:30,BTCUSDT,bid,59800,510.453
2024-08-11 05:47:32,BTCUSDT,bid,59800,510.253
2024-08-11 05:47:35,BTCUSDT,bid,59800,510.453
2024-08-11 05:47:37,BTCUSDT,bid,59800,510.253
2024-08-11 05:50:09,BTCUSDT,bid,59800,509.103
2024-08-11 05:50:09,BTCUSDT,bid,59800,508.102
2024-08-11 05:51:01,BTCUSDT,bid,59800,508.502
2024-08-11 05:51:01,BTCUSDT,bid,59800,508.534
2024-08-11 05:51:23,BTCUSDT,bid,59800,508.784
2024-08-11 05:54:29,BTCUSDT,bid,59800,508.534
2024-08-11 05:56:01,BTCUSDT,bid,59800,508.102
2024-08-11 05:57:33,BTCUSDT,bid,47000,853.587
2024-08-11 05:57:41,BTCUSDT,bid,47300,806.346
2024-08-11 06:13:33,BTCUSDT,bid,59800,507.256
2024-08-11 06:18:34,BTCUSDT,bid,59800,507.258
2024-08-11 06:24:02,BTCUSDT,bid,59800,508.25
2024-08-11 06:24:03,BTCUSDT,bid,59800,509.242
2024-08-11 06:24:03,BTCUSDT,bid,59800,510.234
2024-08-11 06:25:57,BTCUSDT,bid,47000,853.584
2024-08-11 06:26:24,BTCUSDT,bid,59800,509.242
2024-08-11 06:26:24,BTCUSDT,bid,59800,508.25
2024-08-11 06:26:27,BTCUSDT,bid,59800,507.258
2024-08-11 06:27:41,BTCUSDT,bid,59800,507.777
2024-08-11 06:28:16,BTCUSDT,bid,59800,507.258
2024-08-11 06:29:09,BTCUSDT,bid,47500,635.69
2024-08-11 06:29:14,BTCUSDT,bid,59800,507.256
2024-08-11 06:32:11,BTCUSDT,bid,59800,508.09
2024-08-11 06:32:11,BTCUSDT,bid,59800,508.924
2024-08-11 06:32:16,BTCUSDT,bid,59800,509.758
2024-08-11 06:50:41,BTCUSDT,bid,47500,635.869
2024-08-11 06:55:37,BTCUSDT,bid,59800,508.924
2024-08-11 06:55:38,BTCUSDT,bid,59800,508.09
2024-08-11 06:55:49,BTCUSDT,bid,59800,507.256
2024-08-11 07:08:39,BTCUSDT,bid,59800,507.115
2024-08-11 07:10:21,BTCUSDT,bid,59800,507.165
2024-08-11 07:12:25,BTCUSDT,bid,47000,853.564
2024-08-11 07:12:37,BTCUSDT,bid,59800,507.089
2024-08-11 07:17:08,BTCUSDT,bid,59800,507.069
2024-08-11 07:22:39,BTCUSDT,bid,59800,507.058
2024-08-11 07:28:07,BTCUSDT,bid,47000,853.584
2024-08-11 07:29:25,BTCUSDT,bid,47000,853.564
2024-08-11 07:31:05,BTCUSDT,bid,47000,853.583
2024-08-11 07:32:50,BTCUSDT,bid,47000,853.587
2024-08-11 07:34:28,BTCUSDT,bid,47000,853.583
2024-08-11 07:49:29,BTCUSDT,bid,59800,506.985
2024-08-11 07:51:16,BTCUSDT,bid,59800,507.302
2024-08-11 07:56:03,BTCUSDT,bid,59800,507.3
2024-08-11 08:07:16,BTCUSDT,bid,59800,507.285
2024-08-11 08:20:42,BTCUSDT,bid,59800,507.485
2024-08-11 08:20:44,BTCUSDT,bid,59800,507.285
2024-08-11 09:04:42,BTCUSDT,bid,47500,635.866
2024-08-11 09:04:42,BTCUSDT,bid,47000,853.58
2024-08-11 09:05:33,BTCUSDT,bid,47000,853.584
2024-08-11 09:09:42,BTCUSDT,bid,47000,853.58
2024-08-11 09:09:42,BTCUSDT,bid,47500,635.862
2024-08-11 09:10:07,BTCUSDT,bid,47000,853.584
2024-08-11 10:17:43,BTCUSDT,bid,47000,853.59
2024-08-11 10:21:33,BTCUSDT,bid,47000,853.586
2024-08-11 10:25:17,BTCUSDT,ask,61300,508.032
2024-08-11 10:25:19,BTCUSDT,ask,61300,508.109
2024-08-11 10:25:20,BTCUSDT,ask,61300,508.394
2024-08-11 10:25:20,BTCUSDT,ask,61300,508.109
2024-08-11 10:25:24,BTCUSDT,ask,61300,508.111
2024-08-11 10:25:27,BTCUSDT,ask,61300,508.735
2024-08-11 10:25:28,BTCUSDT,ask,61300,508.211
2024-08-11 10:25:28,BTCUSDT,ask,61300,508.536
2024-08-11 10:25:33,BTCUSDT,ask,61300,508.538
2024-08-11 10:25:35,BTCUSDT,ask,61300,508.534
2024-08-11 10:25:42,BTCUSDT,ask,61300,508.591
2024-08-11 10:25:45,BTCUSDT,ask,61300,508.494
2024-08-11 10:25:48,BTCUSDT,ask,61300,510.123
2024-08-11 10:25:48,BTCUSDT,ask,61300,510.148
2024-08-11 10:26:01,BTCUSDT,ask,61300,510.158
2024-08-11 10:26:08,BTCUSDT,ask,61300,509.608
2024-08-11 10:26:16,BTCUSDT,ask,61300,509.612
2024-08-11 10:26:24,BTCUSDT,ask,61300,509.112
2024-08-11 10:26:27,BTCUSDT,ask,61300,509.084
2024-08-11 10:26:27,BTCUSDT,ask,61300,509.184
2024-08-11 10:26:32,BTCUSDT,ask,61300,509.123
2024-08-11 10:26:34,BTCUSDT,ask,61300,508.612
2024-08-11 10:26:39,BTCUSDT,ask,61300,508.609
2024-08-11 10:26:41,BTCUSDT,ask,61300,508.611
2024-08-11 10:26:53,BTCUSDT,ask,61300,508.505
2024-08-11 10:26:55,BTCUSDT,ask,61300,508.18
2024-08-11 10:27:00,BTCUSDT,bid,47300,806.246
2024-08-11 10:27:12,BTCUSDT,ask,61300,508.08
2024-08-11 10:27:23,BTCUSDT,ask,61300,507.08
2024-08-11 10:27:42,BTCUSDT,ask,61300,507.113
2024-08-11 10:27:45,BTCUSDT,ask,61300,506.963
2024-08-11 10:27:45,BTCUSDT,ask,61300,506.961
2024-08-11 10:27:45,BTCUSDT,ask,61300,506.91
2024-08-11 10:27:45,BTCUSDT,ask,61300,506.331
2024-08-11 10:27:46,BTCUSDT,ask,61300,506.298
2024-08-11 10:27:46,BTCUSDT,ask,61300,506.296
2024-08-11 10:27:47,BTCUSDT,ask,61300,506.298
2024-08-11 10:27:47,BTCUSDT,ask,61300,506.305
2024-08-11 10:27:47,BTCUSDT,ask,61300,506.296
2024-08-11 10:27:47,BTCUSDT,ask,61300,506.298
2024-08-11 10:27:48,BTCUSDT,ask,61300,506.3
2024-08-11 10:27:49,BTCUSDT,ask,61300,506.875
2024-08-11 10:27:50,BTCUSDT,ask,61300,506.884
2024-08-11 10:27:50,BTCUSDT,ask,61300,506.884
2024-08-11 10:27:54,BTCUSDT,ask,61300,506.875
2024-08-11 10:27:54,BTCUSDT,ask,61300,506.3
2024-08-11 10:27:54,BTCUSDT,ask,61300,506.889
2024-08-11 10:27:54,BTCUSDT,ask,61300,506.3
2024-08-11 10:27:55,BTCUSDT,ask,61300,506.918
2024-08-11 10:27:56,BTCUSDT,ask,61300,507.696
2024-08-11 10:27:56,BTCUSDT,ask,61300,506.918
2024-08-11 10:27:57,BTCUSDT,ask,61300,507.696
2024-08-11 10:27:57,BTCUSDT,ask,61300,506.918
2024-08-11 10:27:57,BTCUSDT,ask,61300,506.3
2024-08-11 10:27:58,BTCUSDT,ask,61300,506.3
2024-08-11 10:27:58,BTCUSDT,ask,61300,506.292
2024-08-11 10:27:58,BTCUSDT,ask,61300,506.874
2024-08-11 10:27:58,BTCUSDT,ask,61300,506.292
2024-08-11 10:27:59,BTCUSDT,ask,61300,506.292
2024-08-11 10:28:00,BTCUSDT,ask,61300,506.317
2024-08-11 10:28:00,BTCUSDT,ask,61300,506.317
2024-08-11 10:28:01,BTCUSDT,ask,61300,507.095
2024-08-11 10:28:01,BTCUSDT,ask,61300,506.326
2024-08-11 10:28:01,BTCUSDT,ask,61300,506.927
2024-08-11 10:28:01,BTCUSDT,ask,61300,506.326
2024-08-11 10:28:02,BTCUSDT,ask,61300,506.326
2024-08-11 10:28:03,BTCUSDT,ask,61300,506.253
2024-08-11 10:28:03,BTCUSDT,ask,61300,506.253
2024-08-11 10:28:04,BTCUSDT,ask,61300,507.04
2024-08-11 10:28:04,BTCUSDT,ask,61300,506.253
2024-08-11 10:28:07,BTCUSDT,ask,61300,506.996
2024-08-11 10:28:07,BTCUSDT,ask,61300,506.971
2024-08-11 10:28:08,BTCUSDT,ask,61300,507.749
2024-08-11 10:28:08,BTCUSDT,ask,61300,506.971
2024-08-11 10:28:09,BTCUSDT,ask,61300,506.513
2024-08-11 10:28:09,BTCUSDT,ask,61300,506.285
2024-08-11 10:28:10,BTCUSDT,ask,61300,506.297
2024-08-11 10:28:11,BTCUSDT,ask,61300,506.272
2024-08-11 10:28:12,BTCUSDT,ask,61300,506.321
2024-08-11 10:28:17,BTCUSDT,ask,61300,506.321
2024-08-11 10:28:24,BTCUSDT,ask,61300,504.692
2024-08-11 10:28:51,BTCUSDT,ask,61300,504.226
2024-08-11 10:29:02,BTCUSDT,ask,61300,504.347
2024-08-11 10:29:07,BTCUSDT,ask,61300,504.42
2024-08-11 10:29:08,BTCUSDT,ask,61300,504.692
2024-08-11 10:29:12,BTCUSDT,ask,61300,504.527
2024-08-11 10:29:17,BTCUSDT,ask,61300,504.89
2024-08-11 10:29:22,BTCUSDT,ask,61300,504.77
2024-08-11 10:29:23,BTCUSDT,ask,61300,504.663
2024-08-11 10:29:27,BTCUSDT,ask,61300,504.952
2024-08-11 10:29:39,BTCUSDT,ask,61300,504.968
2024-08-11 10:29:39,BTCUSDT,ask,61300,504.952
2024-08-11 10:29:39,BTCUSDT,ask,61300,504.959
2024-08-11 10:29:51,BTCUSDT,ask,61300,504.975
2024-08-11 10:29:52,BTCUSDT,ask,61300,504.965
2024-08-11 10:29:57,BTCUSDT,ask,61300,504.965
2024-08-11 10:30:10,BTCUSDT,ask,61300,504.832
2024-08-11 10:30:10,BTCUSDT,ask,61300,505.117
2024-08-11 10:30:10,BTCUSDT,ask,61300,504.832
2024-08-11 10:30:11,BTCUSDT,ask,61300,505.298
2024-08-11 10:30:13,BTCUSDT,ask,61300,505.583
2024-08-11 10:30:13,BTCUSDT,ask,61300,505.298
2024-08-11 10:30:19,BTCUSDT,ask,61300,505.303
2024-08-11 10:30:23,BTCUSDT,ask,61300,505.898
2024-08-11 10:30:26,BTCUSDT,ask,61300,505.344
2024-08-11 10:30:26,BTCUSDT,ask,61300,505.328
2024-08-11 10:30:29,BTCUSDT,ask,61300,505.613
2024-08-11 10:30:29,BTCUSDT,ask,61300,505.328
2024-08-11 10:30:31,BTCUSDT,ask,61300,505.902
2024-08-11 10:30:32,BTCUSDT,ask,61300,505.303
2024-08-11 10:30:32,BTCUSDT,ask,61300,505.303
2024-08-11 10:30:33,BTCUSDT,ask,61300,505.301
2024-08-11 10:30:35,BTCUSDT,ask,61300,505.293
2024-08-11 10:30:37,BTCUSDT,ask,61300,505.309
2024-08-11 10:30:48,BTCUSDT,ask,61300,546.064
2024-08-11 10:30:51,BTCUSDT,ask,61300,546.062
2024-08-11 10:30:51,BTCUSDT,ask,61300,546.064
2024-08-11 10:30:51,BTCUSDT,ask,61300,546.057
2024-08-11 10:30:51,BTCUSDT,ask,61300,546.077
2024-08-11 10:30:53,BTCUSDT,ask,61300,546.057
2024-08-11 10:30:56,BTCUSDT,ask,61300,546.065
2024-08-11 10:30:56,BTCUSDT,ask,61300,546.653
2024-08-11 10:30:58,BTCUSDT,ask,61300,547.431
2024-08-11 10:30:58,BTCUSDT,ask,61300,546.653
2024-08-11 10:30:59,BTCUSDT,ask,61300,547.455
2024-08-11 10:30:59,BTCUSDT,ask,61300,546.677
2024-08-11 10:31:00,BTCUSDT,ask,61300,546.679
2024-08-11 10:31:00,BTCUSDT,ask,61300,546.679
2024-08-11 10:31:01,BTCUSDT,ask,61300,546.679
2024-08-11 10:31:03,BTCUSDT,ask,61300,547.465
2024-08-11 10:31:03,BTCUSDT,ask,61300,546.687
2024-08-11 10:31:03,BTCUSDT,ask,61300,546.769
2024-08-11 10:31:03,BTCUSDT,ask,61300,546.753
2024-08-11 10:31:04,BTCUSDT,ask,61300,546.753
2024-08-11 10:31:05,BTCUSDT,ask,61300,546.753
2024-08-11 10:31:06,BTCUSDT,ask,61300,546.753
2024-08-11 10:31:07,BTCUSDT,ask,61300,547.531
2024-08-11 10:31:07,BTCUSDT,ask,61300,546.753
2024-08-11 10:31:08,BTCUSDT,ask,61300,547.531
2024-08-11 10:31:08,BTCUSDT,ask,61300,546.753
2024-08-11 10:31:09,BTCUSDT,ask,61300,546.671
2024-08-11 10:31:10,BTCUSDT,ask,61300,546.671
2024-08-11 10:31:11,BTCUSDT,ask,61300,547.458
2024-08-11 10:31:11,BTCUSDT,ask,61300,546.671
2024-08-11 10:31:11,BTCUSDT,ask,61300,546.678
2024-08-11 10:31:11,BTCUSDT,ask,61300,546.488
2024-08-11 10:31:12,BTCUSDT,ask,61300,546.488
2024-08-11 10:31:13,BTCUSDT,ask,61300,546.488
2024-08-11 10:31:14,BTCUSDT,ask,61300,547.266
2024-08-11 10:31:14,BTCUSDT,ask,61300,546.488
2024-08-11 10:31:15,BTCUSDT,ask,61300,547.266
2024-08-11 10:31:16,BTCUSDT,ask,61300,546.488
2024-08-11 10:31:17,BTCUSDT,ask,61300,547.266
2024-08-11 10:31:17,BTCUSDT,ask,61300,546.369
2024-08-11 10:31:18,BTCUSDT,ask,61300,546.369
2024-08-11 10:31:18,BTCUSDT,ask,61300,546.402
2024-08-11 10:31:19,BTCUSDT,ask,61300,546.402
2024-08-11 10:31:20,BTCUSDT,ask,61300,547.189
2024-08-11 10:31:20,BTCUSDT,ask,61300,546.402
2024-08-11 10:31:21,BTCUSDT,ask,61300,546.402
2024-08-11 10:31:22,BTCUSDT,ask,61300,546.402
2024-08-11 10:31:23,BTCUSDT,ask,61300,546.402
2024-08-11 10:31:24,BTCUSDT,ask,61300,547.189
2024-08-11 10:31:24,BTCUSDT,ask,61300,546.402
2024-08-11 10:31:25,BTCUSDT,ask,61300,547.18
2024-08-11 10:31:25,BTCUSDT,ask,61300,546.402
2024-08-11 10:31:26,BTCUSDT,ask,61300,546.402
2024-08-11 10:31:27,BTCUSDT,ask,61300,547.18
2024-08-11 10:31:27,BTCUSDT,ask,61300,546.402
2024-08-11 10:31:27,BTCUSDT,ask,61300,546.39
2024-08-11 10:31:27,BTCUSDT,ask,61300,546.552
2024-08-11 10:31:28,BTCUSDT,ask,61300,546.552
2024-08-11 10:31:28,BTCUSDT,ask,61300,546.519
2024-08-11 10:31:28,BTCUSDT,ask,61300,546.574
2024-08-11 10:31:29,BTCUSDT,ask,61300,546.574
2024-08-11 10:31:30,BTCUSDT,ask,61300,547.352
2024-08-11 10:31:30,BTCUSDT,ask,61300,546.574
2024-08-11 10:31:30,BTCUSDT,ask,61300,546.656
2024-08-11 10:31:31,BTCUSDT,ask,61300,546.656
2024-08-11 10:31:32,BTCUSDT,ask,61300,546.656
2024-08-11 10:31:33,BTCUSDT,ask,61300,547.434
2024-08-11 10:31:33,BTCUSDT,ask,61300,546.656
2024-08-11 10:31:33,BTCUSDT,ask,61300,546.574
2024-08-11 10:31:33,BTCUSDT,ask,61300,549.574
2024-08-11 10:31:34,BTCUSDT,ask,61300,549.519
2024-08-11 10:31:36,BTCUSDT,ask,61300,550.297
2024-08-11 10:31:36,BTCUSDT,ask,61300,549.519
2024-08-11 10:31:37,BTCUSDT,ask,61300,549.519
2024-08-11 10:31:39,BTCUSDT,ask,61300,549.519
2024-08-11 10:31:40,BTCUSDT,ask,61300,550.297
2024-08-11 10:31:40,BTCUSDT,ask,61300,549.519
2024-08-11 10:31:41,BTCUSDT,ask,61300,549.519
2024-08-11 10:31:42,BTCUSDT,ask,61300,549.524
2024-08-11 10:31:43,BTCUSDT,ask,61300,549.524
2024-08-11 10:31:44,BTCUSDT,ask,61300,549.527
2024-08-11 10:31:44,BTCUSDT,ask,61300,550.305
2024-08-11 10:31:44,BTCUSDT,ask,61300,549.527
2024-08-11 10:31:44,BTCUSDT,ask,61300,546.527
2024-08-11 10:31:45,BTCUSDT,ask,61300,547.346
2024-08-11 10:31:45,BTCUSDT,ask,61300,546.568
2024-08-11 10:31:45,BTCUSDT,ask,61300,546.527
2024-08-11 10:31:46,BTCUSDT,ask,61300,546.547
2024-08-11 10:31:46,BTCUSDT,ask,61300,546.573
2024-08-11 10:31:46,BTCUSDT,ask,61300,546.673
2024-08-11 10:31:47,BTCUSDT,ask,61300,546.753
2024-08-11 10:31:47,BTCUSDT,ask,61300,546.807
2024-08-11 10:31:48,BTCUSDT,ask,61300,546.814
2024-08-11 10:31:49,BTCUSDT,ask,61300,547.592
2024-08-11 10:31:49,BTCUSDT,ask,61300,546.814
2024-08-11 10:31:49,BTCUSDT,ask,61300,546.834
2024-08-11 10:31:50,BTCUSDT,ask,61300,546.734
2024-08-11 10:31:51,BTCUSDT,ask,61300,546.734
2024-08-11 10:31:52,BTCUSDT,ask,61300,547.512
2024-08-11 10:31:52,BTCUSDT,ask,61300,546.734
2024-08-11 10:31:53,BTCUSDT,ask,61300,546.734
2024-08-11 10:31:54,BTCUSDT,ask,61300,546.696
2024-08-11 10:31:54,BTCUSDT,ask,61300,547.196
2024-08-11 10:31:55,BTCUSDT,ask,61300,547.196
2024-08-11 10:31:56,BTCUSDT,ask,61300,547.196
2024-08-11 10:31:56,BTCUSDT,ask,61300,547.212
2024-08-11 10:31:57,BTCUSDT,ask,61300,547.212
2024-08-11 10:31:58,BTCUSDT,ask,61300,547.193
2024-08-11 10:31:58,BTCUSDT,ask,61300,548.018
2024-08-11 10:31:58,BTCUSDT,ask,61300,547.24
2024-08-11 10:31:59,BTCUSDT,ask,61300,547.24
2024-08-11 10:32:00,BTCUSDT,ask,61300,548.027
2024-08-11 10:32:00,BTCUSDT,ask,61300,547.24
2024-08-11 10:32:01,BTCUSDT,ask,61300,548.029
2024-08-11 10:32:01,BTCUSDT,ask,61300,547.242
2024-08-11 10:32:02,BTCUSDT,ask,61300,548.02
2024-08-11 10:32:02,BTCUSDT,ask,61300,547.242
2024-08-11 10:32:03,BTCUSDT,ask,61300,547.25
2024-08-11 10:32:04,BTCUSDT,ask,61300,548.038
2024-08-11 10:32:04,BTCUSDT,ask,61300,547.25
2024-08-11 10:32:04,BTCUSDT,ask,61300,547.248
2024-08-11 10:32:04,BTCUSDT,ask,61300,547.268
2024-08-11 10:32:05,BTCUSDT,ask,61300,550.248
2024-08-11 10:32:05,BTCUSDT,ask,61300,551.026
2024-08-11 10:32:05,BTCUSDT,ask,61300,550.248
2024-08-11 10:32:05,BTCUSDT,ask,61300,550.594
2024-08-11 10:32:06,BTCUSDT,ask,61300,550.594
2024-08-11 10:32:07,BTCUSDT,ask,61300,550.589
2024-08-11 10:32:07,BTCUSDT,ask,61300,550.589
2024-08-11 10:32:08,BTCUSDT,ask,61300,551.367
2024-08-11 10:32:08,BTCUSDT,ask,61300,550.589
2024-08-11 10:32:08,BTCUSDT,ask,61300,550.243
2024-08-11 10:32:09,BTCUSDT,ask,61300,550.243
2024-08-11 10:32:10,BTCUSDT,ask,61300,550.243
2024-08-11 10:32:11,BTCUSDT,ask,61300,550.243
2024-08-11 10:32:12,BTCUSDT,ask,61300,551.031
2024-08-11 10:32:12,BTCUSDT,ask,61300,550.243
2024-08-11 10:32:12,BTCUSDT,ask,61300,550.253
2024-08-11 10:32:13,BTCUSDT,ask,61300,550.243
2024-08-11 10:32:13,BTCUSDT,ask,61300,550.243
2024-08-11 10:32:14,BTCUSDT,ask,61300,550.243
2024-08-11 10:32:14,BTCUSDT,ask,61300,550.196
2024-08-11 10:32:14,BTCUSDT,ask,61300,550.221
2024-08-11 10:32:15,BTCUSDT,ask,61300,551.009
2024-08-11 10:32:15,BTCUSDT,ask,61300,550.221
2024-08-11 10:32:16,BTCUSDT,ask,61300,550.221
2024-08-11 10:32:17,BTCUSDT,ask,61300,550.221
2024-08-11 10:32:18,BTCUSDT,ask,61300,550.999
2024-08-11 10:32:18,BTCUSDT,ask,61300,550.221
2024-08-11 10:32:19,BTCUSDT,ask,61300,550.221
2024-08-11 10:32:20,BTCUSDT,ask,61300,550.221
2024-08-11 10:32:20,BTCUSDT,ask,61300,550.221
2024-08-11 10:32:21,BTCUSDT,ask,61300,550.221
2024-08-11 10:32:22,BTCUSDT,ask,61300,550.221
2024-08-11 10:32:23,BTCUSDT,ask,61300,550.999
2024-08-11 10:32:23,BTCUSDT,ask,61300,550.221
2024-08-11 10:32:24,BTCUSDT,ask,61300,550.999
2024-08-11 10:32:24,BTCUSDT,ask,61300,550.221
2024-08-11 10:32:25,BTCUSDT,ask,61300,550.999
2024-08-11 10:32:25,BTCUSDT,ask,61300,550.221
2024-08-11 10:32:25,BTCUSDT,ask,61300,550.225
2024-08-11 10:32:26,BTCUSDT,ask,61300,550.223
2024-08-11 10:32:27,BTCUSDT,ask,61300,551.001
2024-08-11 10:32:27,BTCUSDT,ask,61300,550.196
2024-08-11 10:32:29,BTCUSDT,ask,61300,550.36
2024-08-11 10:32:31,BTCUSDT,ask,61300,550.375
2024-08-11 10:32:32,BTCUSDT,ask,61300,550.399
2024-08-11 10:32:37,BTCUSDT,ask,61300,550.407
2024-08-11 10:32:46,BTCUSDT,ask,61300,550.761
2024-08-11 10:32:46,BTCUSDT,ask,61300,550.472
2024-08-11 10:32:48,BTCUSDT,ask,61300,550.405
2024-08-11 10:32:56,BTCUSDT,ask,61300,550.413
2024-08-11 10:33:01,BTCUSDT,ask,61300,550.34
2024-08-11 10:33:04,BTCUSDT,ask,61300,549.84
2024-08-11 10:33:04,BTCUSDT,ask,61300,549.842
2024-08-11 10:33:34,BTCUSDT,ask,61300,550.442
2024-08-11 10:33:37,BTCUSDT,ask,61300,550.435
2024-08-11 10:33:39,BTCUSDT,ask,61300,550.423
2024-08-11 10:34:07,BTCUSDT,ask,61300,550.723
2024-08-11 10:34:08,BTCUSDT,ask,61300,550.721
2024-08-11 10:34:39,BTCUSDT,ask,61300,550.794
2024-08-11 10:34:43,BTCUSDT,ask,61300,550.328
2024-08-11 10:34:49,BTCUSDT,ask,61300,550.344
2024-08-11 10:34:59,BTCUSDT,ask,61300,550.286
2024-08-11 10:35:20,BTCUSDT,ask,61300,550.259
2024-08-11 10:35:23,BTCUSDT,ask,61300,550.227
2024-08-11 10:35:37,BTCUSDT,ask,61300,549.747
2024-08-11 10:35:48,BTCUSDT,ask,61300,550.508
2024-08-11 10:36:07,BTCUSDT,ask,61300,547.74
2024-08-11 10:36:10,BTCUSDT,ask,61300,547.69
2024-08-11 10:36:17,BTCUSDT,ask,61300,547.692
2024-08-11 10:36:18,BTCUSDT,ask,61300,547.722
2024-08-11 10:36:18,BTCUSDT,ask,61300,547.933
2024-08-11 10:36:18,BTCUSDT,ask,61300,547.931
2024-08-11 10:36:36,BTCUSDT,ask,61300,548.771
2024-08-11 10:36:36,BTCUSDT,ask,61300,548.665
2024-08-11 10:36:39,BTCUSDT,ask,61300,548.663
2024-08-11 10:36:47,BTCUSDT,ask,61300,547.89
2024-08-11 10:37:26,BTCUSDT,ask,61300,548.049
2024-08-11 10:37:49,BTCUSDT,ask,61300,547.893
2024-08-11 10:37:53,BTCUSDT,ask,61300,549.058
2024-08-11 10:37:57,BTCUSDT,ask,61300,549.068
2024-08-11 10:38:10,BTCUSDT,ask,61300,549.395
2024-08-11 10:38:34,BTCUSDT,ask,61300,551.049
2024-08-11 10:38:46,BTCUSDT,ask,61300,550.949
2024-08-11 10:38:49,BTCUSDT,ask,61300,550.954
2024-08-11 10:38:52,BTCUSDT,ask,61300,549.789
2024-08-11 10:39:01,BTCUSDT,ask,61300,549.945
2024-08-11 10:39:30,BTCUSDT,ask,61300,549.816
2024-08-11 10:39:33,BTCUSDT,ask,61300,549.818
2024-08-11 10:39:39,BTCUSDT,ask,61300,549.81
2024-08-11 10:40:11,BTCUSDT,ask,61300,549.808
2024-08-11 10:40:17,BTCUSDT,ask,61300,549.81
2024-08-11 10:40:24,BTCUSDT,ask,61300,549.821
2024-08-11 10:40:30,BTCUSDT,ask,61300,550.522
2024-08-11 10:40:32,BTCUSDT,ask,61300,550.52
2024-08-11 10:40:36,BTCUSDT,ask,61300,550.522
2024-08-11 10:41:09,BTCUSDT,ask,61300,550.53
2024-08-11 10:41:24,BTCUSDT,ask,61300,550.528
2024-08-11 10:41:34,BTCUSDT,bid,47000,853.583
2024-08-11 10:41:37,BTCUSDT,ask,61300,549.829
2024-08-11 10:41:58,BTCUSDT,ask,61300,549.502
2024-08-11 10:43:11,BTCUSDT,ask,61300,549.453
2024-08-11 10:43:20,BTCUSDT,bid,47500,635.859
2024-08-11 10:43:52,BTCUSDT,ask,61300,549.528
2024-08-11 10:44:53,BTCUSDT,ask,61300,549.503
2024-08-11 10:45:19,BTCUSDT,ask,61300,549.551
2024-08-11 10:46:02,BTCUSDT,ask,61300,549.542
2024-08-11 10:46:14,BTCUSDT,ask,61300,551.058
2024-08-11 10:46:15,BTCUSDT,ask,61300,549.558
2024-08-11 10:46:16,BTCUSDT,ask,61300,551.058
2024-08-11 10:46:17,BTCUSDT,ask,61300,549.558
2024-08-11 10:47:22,BTCUSDT,bid,59800,532.748
2024-08-11 10:47:32,BTCUSDT,bid,59800,532.75
2024-08-11 10:47:52,BTCUSDT,ask,61300,549.596
2024-08-11 10:47:52,BTCUSDT,ask,61300,549.628
2024-08-11 10:47:54,BTCUSDT,ask,61300,549.626
2024-08-11 10:48:35,BTCUSDT,bid,59800,532.752
2024-08-11 10:48:39,BTCUSDT,ask,61300,551.558
2024-08-11 10:49:06,BTCUSDT,ask,61300,551.658
2024-08-11 10:49:16,BTCUSDT,bid,59800,532.667
2024-08-11 10:49:29,BTCUSDT,bid,59800,533.167
2024-08-11 10:49:34,BTCUSDT,ask,61300,551.558
2024-08-11 10:50:04,BTCUSDT,ask,61300,552.087
2024-08-11 10:50:21,BTCUSDT,ask,61300,551.487
2024-08-11 10:51:02,BTCUSDT,ask,61300,551.489
2024-08-11 10:51:22,BTCUSDT,ask,61300,551.434
2024-08-11 10:51:34,BTCUSDT,ask,61300,551.458
2024-08-11 10:52:23,BTCUSDT,ask,61300,551.458
2024-08-11 10:52:29,BTCUSDT,bid,59800,533.212
2024-08-11 10:52:58,BTCUSDT,bid,59800,533.219
2024-08-11 10:53:23,BTCUSDT,ask,61300,551.463
2024-08-11 10:53:43,BTCUSDT,ask,61300,551.458
2024-08-11 10:54:11,BTCUSDT,bid,59800,533.212
2024-08-11 10:55:16,BTCUSDT,ask,61300,551.46
2024-08-11 10:55:18,BTCUSDT,ask,61300,551.458
2024-08-11 10:55:30,BTCUSDT,ask,61300,551.462
2024-08-11 10:55:43,BTCUSDT,ask,61300,551.576
2024-08-11 10:56:01,BTCUSDT,ask,61300,551.888
2024-08-11 10:56:10,BTCUSDT,bid,59800,533.239
2024-08-11 10:56:15,BTCUSDT,ask,61300,551.909
2024-08-11 10:56:29,BTCUSDT,bid,47000,853.564
2024-08-11 10:56:48,BTCUSDT,ask,61300,551.917
2024-08-11 10:57:01,BTCUSDT,bid,59800,533.242
2024-08-11 10:57:09,BTCUSDT,bid,59800,533.25
2024-08-11 10:57:16,BTCUSDT,bid,59800,533.223
2024-08-11 10:57:29,BTCUSDT,bid,59800,533.236
2024-08-11 10:57:47,BTCUSDT,ask,61300,551.927
2024-08-11 10:58:21,BTCUSDT,bid,59800,533.238
2024-08-11 10:58:31,BTCUSDT,ask,61300,551.975
2024-08-11 10:59:41,BTCUSDT,ask,61300,552.975
2024-08-11 10:59:53,BTCUSDT,ask,61300,552.161
2024-08-11 11:00:31,BTCUSDT,bid,59800,533.236
2024-08-11 11:00:32,BTCUSDT,ask,61300,552.163
2024-08-11 11:00:33,BTCUSDT,ask,61300,552.161
2024-08-11 11:00:48,BTCUSDT,bid,59800,533.195
2024-08-11 11:01:30,BTCUSDT,ask,61300,552.421
2024-08-11 11:01:57,BTCUSDT,bid,59800,533.202
2024-08-11 11:02:50,BTCUSDT,bid,59800,533.204
2024-08-11 11:03:04,BTCUSDT,ask,61300,552.164
2024-08-11 11:03:54,BTCUSDT,ask,61300,552.363
2024-08-11 11:04:11,BTCUSDT,ask,61300,552.353
2024-08-11 11:05:19,BTCUSDT,ask,61300,552.341
2024-08-11 11:05:23,BTCUSDT,bid,47300,806.351
2024-08-11 11:05:50,BTCUSDT,ask,61300,552.343
2024-08-11 11:05:59,BTCUSDT,ask,61300,552.143
2024-08-11 11:07:14,BTCUSDT,bid,59800,533.191
2024-08-11 11:07:30,BTCUSDT,bid,47500,635.854
2024-08-11 11:08:29,BTCUSDT,ask,61300,552.138
2024-08-11 11:08:51,BTCUSDT,ask,61300,552.177
2024-08-11 11:10:48,BTCUSDT,bid,59800,533.193
2024-08-11 11:10:49,BTCUSDT,bid,59800,533.199
2024-08-11 11:11:12,BTCUSDT,ask,61300,552.015
2024-08-11 11:12:37,BTCUSDT,ask,61300,552.055
2024-08-11 11:13:21,BTCUSDT,ask,61300,552.047
2024-08-11 11:14:42,BTCUSDT,bid,59800,533.189
2024-08-11 11:14:55,BTCUSDT,bid,59800,533.389
2024-08-11 11:14:55,BTCUSDT,ask,61300,552.06
2024-08-11 11:14:57,BTCUSDT,bid,59800,533.189
2024-08-11 11:14:59,BTCUSDT,bid,59800,533.389
2024-08-11 11:15:00,BTCUSDT,ask,61300,552.056
2024-08-11 11:15:01,BTCUSDT,bid,59800,533.189
2024-08-11 11:15:29,BTCUSDT,ask,61300,552.035
2024-08-11 11:16:53,BTCUSDT,bid,59800,533.428
2024-08-11 11:17:06,BTCUSDT,ask,61300,552.017
2024-08-11 11:17:21,BTCUSDT,ask,61300,551.705
2024-08-11 11:17:27,BTCUSDT,ask,61300,551.666
2024-08-11 11:17:27,BTCUSDT,bid,59800,533.328
2024-08-11 11:17:37,BTCUSDT,bid,59800,533.228
2024-08-11 11:17:50,BTCUSDT,bid,59800,533.209
2024-08-11 11:17:58,BTCUSDT,bid,47000,853.569
2024-08-11 11:17:58,BTCUSDT,bid,47500,635.859
2024-08-11 11:17:58,BTCUSDT,bid,59800,533.193
2024-08-11 11:18:05,BTCUSDT,bid,59800,532.954
2024-08-11 11:18:08,BTCUSDT,bid,59800,532.956
2024-08-11 11:19:43,BTCUSDT,bid,59800,532.906
2024-08-11 11:20:10,BTCUSDT,bid,59800,532.904
2024-08-11 11:20:44,BTCUSDT,ask,61300,551.668
2024-08-11 11:20:56,BTCUSDT,bid,59800,533.045
2024-08-11 11:21:42,BTCUSDT,bid,59800,533.245
2024-08-11 11:21:44,BTCUSDT,bid,59800,533.045
2024-08-11 11:22:00,BTCUSDT,bid,59800,533.245
2024-08-11 11:22:03,BTCUSDT,bid,59800,533.045
2024-08-11 11:22:08,BTCUSDT,bid,59800,533.245
2024-08-11 11:22:10,BTCUSDT,bid,59800,533.045
2024-08-11 11:22:11,BTCUSDT,bid,59800,533.245
2024-08-11 11:22:14,BTCUSDT,bid,59800,533.045
2024-08-11 11:22:24,BTCUSDT,ask,61300,551.657
2024-08-11 11:22:40,BTCUSDT,ask,61300,551.672
2024-08-11 11:24:57,BTCUSDT,bid,47000,853.563
2024-08-11 11:25:02,BTCUSDT,ask,61300,551.844
2024-08-11 11:26:14,BTCUSDT,bid,59800,533.047
2024-08-11 11:26:56,BTCUSDT,bid,59800,533.019
2024-08-11 11:27:18,BTCUSDT,ask,61300,551.872
2024-08-11 11:27:29,BTCUSDT,bid,59800,532.751
2024-08-11 11:27:57,BTCUSDT,ask,61300,551.84
2024-08-11 11:28:09,BTCUSDT,bid,59800,532.765
2024-08-11 11:28:33,BTCUSDT,ask,61300,551.884
2024-08-11 11:29:37,BTCUSDT,ask,61300,551.88
2024-08-11 11:30:05,BTCUSDT,bid,47000,853.558
2024-08-11 11:30:05,BTCUSDT,bid,47500,635.854
2024-08-11 11:30:26,BTCUSDT,ask,61300,551.882
2024-08-11 11:30:27,BTCUSDT,ask,61300,551.88
2024-08-11 11:30:57,BTCUSDT,bid,59800,532.784
2024-08-11 11:31:45,BTCUSDT,ask,61300,552.01
2024-08-11 11:32:17,BTCUSDT,ask,61300,552.019
2024-08-11 11:32:20,BTCUSDT,bid,59800,532.79
2024-08-11 11:32:52,BTCUSDT,ask,61300,552.331
2024-08-11 11:32:52,BTCUSDT,ask,61300,552.336
2024-08-11 11:38:29,BTCUSDT,ask,61300,552.327
2024-08-11 11:38:34,BTCUSDT,bid,59800,532.99
2024-08-11 11:38:37,BTCUSDT,bid,59800,532.79
2024-08-11 11:38:38,BTCUSDT,bid,59800,532.99
2024-08-11 11:38:40,BTCUSDT,bid,59800,532.79
2024-08-11 11:38:41,BTCUSDT,bid,59800,532.99
2024-08-11 11:38:44,BTCUSDT,bid,59800,532.79
2024-08-11 11:38:56,BTCUSDT,bid,59800,532.99
2024-08-11 11:38:58,BTCUSDT,bid,59800,532.79
2024-08-11 11:40:16,BTCUSDT,bid,59800,532.756
2024-08-11 11:41:36,BTCUSDT,bid,59800,532.751
2024-08-11 11:41:47,BTCUSDT,bid,59800,532.753
2024-08-11 11:43:03,BTCUSDT,bid,59800,532.773
2024-08-11 11:43:13,BTCUSDT,ask,61300,552.347
2024-08-11 11:45:20,BTCUSDT,bid,59800,532.763
2024-08-11 11:45:28,BTCUSDT,bid,59800,532.743
2024-08-11 11:46:05,BTCUSDT,ask,61300,552.349
2024-08-11 11:46:12,BTCUSDT,ask,61300,552.351
2024-08-11 11:46:33,BTCUSDT,ask,61300,552.366
2024-08-11 11:46:35,BTCUSDT,bid,59800,532.74
2024-08-11 11:46:41,BTCUSDT,bid,59800,532.735
2024-08-11 11:46:45,BTCUSDT,bid,59800,532.733
2024-08-11 11:47:04,BTCUSDT,ask,61300,552.368
2024-08-11 11:47:13,BTCUSDT,ask,61300,552.37
2024-08-11 11:47:56,BTCUSDT,bid,59800,532.683
2024-08-11 11:48:13,BTCUSDT,bid,59800,532.694
2024-08-11 11:48:20,BTCUSDT,bid,59800,532.697
2024-08-11 11:50:39,BTCUSDT,bid,59800,532.694
2024-08-11 11:50:43,BTCUSDT,bid,59800,532.683
2024-08-11 11:50:47,BTCUSDT,bid,59800,532.883
2024-08-11 11:50:49,BTCUSDT,bid,59800,532.683
2024-08-11 11:50:50,BTCUSDT,bid,59800,532.883
2024-08-11 11:50:53,BTCUSDT,bid,59800,532.683
2024-08-11 11:50:57,BTCUSDT,bid,59800,535.183
2024-08-11 11:51:05,BTCUSDT,bid,59800,535.194
2024-08-11 11:51:21,BTCUSDT,ask,61300,552.517
2024-08-11 11:53:45,BTCUSDT,ask,61300,552.527
2024-08-11 11:54:29,BTCUSDT,ask,61300,552.517
2024-08-11 11:55:00,BTCUSDT,bid,59800,535.21
2024-08-11 11:57:17,BTCUSDT,ask,61300,552.507
2024-08-11 11:57:47,BTCUSDT,ask,61300,552.537
2024-08-11 11:58:26,BTCUSDT,ask,61300,552.539
2024-08-11 11:58:56,BTCUSDT,bid,59800,535.199
2024-08-11 12:00:21,BTCUSDT,bid,59800,535.209
2024-08-11 12:00:33,BTCUSDT,bid,59800,535.136
2024-08-11 12:00:34,BTCUSDT,bid,59800,535.126
2024-08-11 12:00:47,BTCUSDT,ask,61300,552.425
2024-08-11 12:00:51,BTCUSDT,ask,61300,552.427
2024-08-11 12:01:36,BTCUSDT,ask,61300,552.517
2024-08-11 12:01:39,BTCUSDT,ask,61300,552.566
2024-08-11 12:01:43,BTCUSDT,bid,59800,535.137
2024-08-11 12:01:53,BTCUSDT,bid,59800,535.203
2024-08-11 12:03:07,BTCUSDT,bid,59800,535.221
2024-08-11 12:04:04,BTCUSDT,bid,59800,535.204
2024-08-11 12:04:09,BTCUSDT,ask,61300,552.573
2024-08-11 12:04:46,BTCUSDT,bid,59800,535.201
2024-08-11 12:04:46,BTCUSDT,ask,61300,552.57
2024-08-11 12:05:56,BTCUSDT,ask,61300,552.602
2024-08-11 12:06:23,BTCUSDT,bid,59800,535.195
2024-08-11 12:07:01,BTCUSDT,bid,47500,635.859
2024-08-11 12:07:19,BTCUSDT,bid,47000,853.617
2024-08-11 12:08:28,BTCUSDT,ask,61300,552.577
2024-08-11 12:09:04,BTCUSDT,bid,47500,635.854
2024-08-11 12:09:05,BTCUSDT,ask,61300,552.593
2024-08-11 12:09:12,BTCUSDT,ask,61300,552.595
2024-08-11 12:10:07,BTCUSDT,ask,61300,553.595
2024-08-11 12:10:14,BTCUSDT,ask,61300,553.597
2024-08-11 12:10:25,BTCUSDT,ask,61300,553.599
2024-08-11 12:13:08,BTCUSDT,ask,61300,553.647
2024-08-11 12:16:58,BTCUSDT,ask,61300,553.65
2024-08-11 12:17:27,BTCUSDT,ask,61300,553.839
2024-08-11 12:17:36,BTCUSDT,bid,59800,535.175
2024-08-11 12:19:23,BTCUSDT,bid,59800,535.184
2024-08-11 12:22:38,BTCUSDT,ask,61300,553.868
2024-08-11 12:24:27,BTCUSDT,ask,61300,553.778
2024-08-11 12:24:56,BTCUSDT,ask,61300,553.826
2024-08-11 12:25:31,BTCUSDT,ask,61300,553.824
2024-08-11 12:26:59,BTCUSDT,bid,59800,535.178
2024-08-11 12:28:48,BTCUSDT,ask,61300,553.861
2024-08-11 12:29:55,BTCUSDT,bid,59800,535.16
2024-08-11 12:33:07,BTCUSDT,bid,59800,536.044
2024-08-11 12:33:52,BTCUSDT,bid,59800,536.044
2024-08-11 12:33:52,BTCUSDT,bid,59800,536.044
2024-08-11 12:34:50,BTCUSDT,bid,59800,536.074
2024-08-11 12:35:41,BTCUSDT,bid,59800,536.078
2024-08-11 12:35:53,BTCUSDT,bid,59800,536.067
2024-08-11 12:36:35,BTCUSDT,ask,61300,553.501
2024-08-11 12:37:50,BTCUSDT,ask,61300,553.453
2024-08-11 12:44:17,BTCUSDT,ask,61300,553.463
2024-08-11 12:44:21,BTCUSDT,bid,59800,536.058
2024-08-11 12:45:12,BTCUSDT,ask,61300,553.465
2024-08-11 12:45:20,BTCUSDT,ask,61300,553.485
2024-08-11 12:45:30,BTCUSDT,ask,61300,553.465
2024-08-11 12:47:32,BTCUSDT,ask,61300,553.297
2024-08-11 12:47:35,BTCUSDT,ask,61300,555.168
2024-08-11 12:48:10,BTCUSDT,bid,59800,536.038
2024-08-11 12:50:41,BTCUSDT,bid,59800,536.025
2024-08-11 12:51:09,BTCUSDT,ask,61300,555.218
2024-08-11 12:52:26,BTCUSDT,bid,59800,536.034
2024-08-11 12:52:46,BTCUSDT,ask,61300,555.718
2024-08-11 12:54:04,BTCUSDT,bid,59800,536.036
2024-08-11 12:54:09,BTCUSDT,bid,59800,535.955
2024-08-11 12:54:23,BTCUSDT,bid,59800,535.953
2024-08-11 12:54:31,BTCUSDT,bid,59800,535.923
2024-08-11 12:54:39,BTCUSDT,ask,61300,555.716
2024-08-11 12:54:43,BTCUSDT,ask,61300,555.684
2024-08-11 12:54:49,BTCUSDT,ask,61300,555.692
2024-08-11 12:54:56,BTCUSDT,ask,61300,555.684
2024-08-11 12:55:11,BTCUSDT,ask,61300,555.692
2024-08-11 12:55:19,BTCUSDT,ask,61300,555.677
2024-08-11 12:57:11,BTCUSDT,bid,59800,535.921
2024-08-11 12:57:12,BTCUSDT,ask,61300,555.758
2024-08-11 12:57:50,BTCUSDT,ask,61300,555.858
2024-08-11 12:57:54,BTCUSDT,ask,61300,555.915
2024-08-11 12:58:01,BTCUSDT,ask,61300,555.815
2024-08-11 12:58:26,BTCUSDT,ask,61300,555.819
2024-08-11 12:59:25,BTCUSDT,ask,61300,556.819
2024-08-11 13:00:08,BTCUSDT,ask,61300,556.762
2024-08-11 13:00:08,BTCUSDT,ask,61300,556.81
2024-08-11 13:01:38,BTCUSDT,ask,61300,558.31
2024-08-11 13:01:40,BTCUSDT,ask,61300,556.81
2024-08-11 13:01:42,BTCUSDT,ask,61300,556.79
2024-08-11 13:01:55,BTCUSDT,ask,61300,556.89
2024-08-11 13:02:02,BTCUSDT,ask,61300,556.947
2024-08-11 13:02:09,BTCUSDT,ask,61300,556.847
2024-08-11 13:02:27,BTCUSDT,ask,61300,556.318
2024-08-11 13:03:06,BTCUSDT,ask,61300,556.27
2024-08-11 13:04:38,BTCUSDT,ask,61300,556.189
2024-08-11 13:04:53,BTCUSDT,bid,59800,535.905
2024-08-11 13:05:42,BTCUSDT,ask,61300,556.205
2024-08-11 13:06:06,BTCUSDT,bid,59800,535.907
2024-08-11 13:06:20,BTCUSDT,ask,61300,581.757
2024-08-11 13:07:08,BTCUSDT,ask,61300,556.205
2024-08-11 13:07:19,BTCUSDT,bid,59800,535.749
2024-08-11 13:07:25,BTCUSDT,ask,61300,556.268
2024-08-11 13:08:29,BTCUSDT,ask,61300,556.62
2024-08-11 13:08:47,BTCUSDT,ask,61300,556.639
2024-08-11 13:09:13,BTCUSDT,ask,61300,556.822
2024-08-11 13:09:13,BTCUSDT,ask,61300,556.765
2024-08-11 13:09:56,BTCUSDT,ask,61300,556.858
2024-08-11 13:11:29,BTCUSDT,ask,61300,556.958
2024-08-11 13:11:38,BTCUSDT,ask,61300,556.96
2024-08-11 13:12:21,BTCUSDT,ask,61300,557.033
2024-08-11 13:14:11,BTCUSDT,bid,59800,535.785
2024-08-11 13:14:25,BTCUSDT,bid,59800,535.749
2024-08-11 13:14:55,BTCUSDT,bid,47500,635.899
2024-08-11 13:15:59,BTCUSDT,bid,59800,535.794
2024-08-11 13:17:13,BTCUSDT,ask,61300,557.186
2024-08-11 13:17:38,BTCUSDT,bid,59800,536.072
2024-08-11 13:21:26,BTCUSDT,ask,61300,557.138
2024-08-11 13:21:28,BTCUSDT,ask,61300,557.14
2024-08-11 13:21:41,BTCUSDT,ask,61300,557.31
2024-08-11 13:21:50,BTCUSDT,ask,61300,557.307
2024-08-11 13:22:03,BTCUSDT,bid,59800,536.082
2024-08-11 13:27:55,BTCUSDT,bid,59800,536.132
2024-08-11 13:28:21,BTCUSDT,ask,61300,557.244
2024-08-11 13:30:25,BTCUSDT,bid,59800,536.13
2024-08-11 13:31:24,BTCUSDT,bid,59800,536.12
2024-08-11 13:31:52,BTCUSDT,ask,61300,555.312
2024-08-11 13:32:09,BTCUSDT,bid,59800,536.115
2024-08-11 13:32:13,BTCUSDT,bid,59800,536.117
2024-08-11 13:32:50,BTCUSDT,bid,59800,535.839
2024-08-11 13:33:31,BTCUSDT,bid,59800,536.154
2024-08-11 13:33:38,BTCUSDT,bid,59800,535.839
2024-08-11 13:33:54,BTCUSDT,bid,59800,536.154
2024-08-11 13:34:52,BTCUSDT,bid,59800,536.194
2024-08-11 13:36:18,BTCUSDT,bid,59800,536.192
2024-08-11 13:36:18,BTCUSDT,ask,61300,555.31
2024-08-11 13:38:24,BTCUSDT,ask,61300,555.217
2024-08-11 13:38:42,BTCUSDT,bid,47000,853.58
2024-08-11 13:38:56,BTCUSDT,bid,47500,635.854
2024-08-11 13:38:57,BTCUSDT,ask,61300,555.298
2024-08-11 13:40:11,BTCUSDT,ask,61300,555.3
2024-08-11 13:40:15,BTCUSDT,ask,61300,555.308
2024-08-11 13:40:15,BTCUSDT,ask,61300,555.3
2024-08-11 13:40:32,BTCUSDT,ask,61300,555.37
2024-08-11 13:40:58,BTCUSDT,ask,61300,555.47
2024-08-11 13:42:27,BTCUSDT,ask,61300,555.67
2024-08-11 13:42:59,BTCUSDT,ask,61300,555.685
2024-08-11 13:46:38,BTCUSDT,ask,61300,555.683
2024-08-11 13:47:42,BTCUSDT,ask,61300,556.801
2024-08-11 13:48:09,BTCUSDT,ask,61300,556.697
2024-08-11 13:48:11,BTCUSDT,ask,61300,556.797
2024-08-11 13:48:41,BTCUSDT,ask,61300,556.8
2024-08-11 13:48:57,BTCUSDT,ask,61300,558.2
2024-08-11 13:48:57,BTCUSDT,ask,61300,556.7
2024-08-11 13:50:42,BTCUSDT,ask,61300,558.2
2024-08-11 13:50:51,BTCUSDT,ask,61300,556.7
2024-08-11 13:51:11,BTCUSDT,bid,59800,536.381
2024-08-11 13:51:27,BTCUSDT,ask,61300,556.5
2024-08-11 13:51:48,BTCUSDT,bid,59800,531.381
2024-08-11 13:53:53,BTCUSDT,ask,61300,556.403
2024-08-11 13:54:38,BTCUSDT,ask,61300,557.403
2024-08-11 13:56:02,BTCUSDT,bid,59800,531.181
2024-08-11 13:56:06,BTCUSDT,ask,61300,557.453
2024-08-11 13:57:23,BTCUSDT,ask,61300,558.453
2024-08-11 13:57:45,BTCUSDT,ask,61300,558.453
2024-08-11 13:59:10,BTCUSDT,ask,61300,558.405
2024-08-11 13:59:30,BTCUSDT,bid,59800,532.183
2024-08-11 13:59:47,BTCUSDT,bid,47500,631.854
2024-08-11 14:00:06,BTCUSDT,bid,59800,532.083
2024-08-11 14:01:27,BTCUSDT,ask,61300,559.816
2024-08-11 14:01:27,BTCUSDT,ask,61300,558.509
2024-08-11 14:01:28,BTCUSDT,ask,61300,558.506
2024-08-11 14:01:31,BTCUSDT,ask,61300,558.505
2024-08-11 14:01:38,BTCUSDT,ask,61300,558.405
2024-08-11 14:01:38,BTCUSDT,ask,61300,558.505
2024-08-11 14:01:38,BTCUSDT,ask,61300,558.405
2024-08-11 14:01:50,BTCUSDT,bid,59800,532.149
2024-08-11 14:02:03,BTCUSDT,bid,59800,531.834
2024-08-11 14:02:42,BTCUSDT,ask,61300,559.905
2024-08-11 14:02:43,BTCUSDT,ask,61300,558.405
2024-08-11 14:02:48,BTCUSDT,ask,61300,557.405
2024-08-11 14:03:09,BTCUSDT,ask,61300,557.505
2024-08-11 14:03:09,BTCUSDT,ask,61300,557.405
2024-08-11 14:04:45,BTCUSDT,bid,59800,530.832
2024-08-11 14:04:53,BTCUSDT,bid,59800,530.83
2024-08-11 14:05:21,BTCUSDT,ask,61300,557.569
2024-08-11 14:05:45,BTCUSDT,bid,47000,853.554
2024-08-11 14:06:02,BTCUSDT,ask,61300,557.574
2024-08-11 14:06:52,BTCUSDT,ask,61300,557.504
2024-08-11 14:08:33,BTCUSDT,ask,61300,557.514
2024-08-11 14:09:12,BTCUSDT,ask,61300,557.35
2024-08-11 14:10:09,BTCUSDT,ask,61300,557.357
2024-08-11 14:10:09,BTCUSDT,ask,61300,557.354
2024-08-11 14:10:27,BTCUSDT,ask,61300,557.352
2024-08-11 14:11:24,BTCUSDT,ask,61300,556.352
2024-08-11 14:11:43,BTCUSDT,ask,61300,556.358
2024-08-11 14:11:43,BTCUSDT,ask,61300,556.35
2024-08-11 14:12:02,BTCUSDT,ask,61300,556.5
2024-08-11 14:12:07,BTCUSDT,ask,61300,556.541
2024-08-11 14:12:11,BTCUSDT,ask,61300,556.229
2024-08-11 14:12:20,BTCUSDT,bid,59800,530.828
2024-08-11 14:12:20,BTCUSDT,ask,61300,556.239
2024-08-11 14:12:20,BTCUSDT,ask,61300,556.231
2024-08-11 14:12:24,BTCUSDT,ask,61300,556.231
2024-08-11 14:12:34,BTCUSDT,ask,61300,556.234
2024-08-11 14:13:10,BTCUSDT,bid,59800,529.944
2024-08-11 14:14:00,BTCUSDT,bid,59800,529.942
2024-08-11 14:14:20,BTCUSDT,ask,61300,556.24
2024-08-11 14:14:35,BTCUSDT,bid,59800,529.876
2024-08-11 14:15:05,BTCUSDT,ask,61300,556.199
2024-08-11 14:15:45,BTCUSDT,bid,59800,529.857
2024-08-11 14:15:46,BTCUSDT,ask,61300,556.197
2024-08-11 14:16:01,BTCUSDT,ask,61300,557.958
2024-08-11 14:16:05,BTCUSDT,ask,61300,557.951
2024-08-11 14:16:22,BTCUSDT,ask,61300,556.181
2024-08-11 14:17:10,BTCUSDT,ask,61300,556.197
2024-08-11 14:18:15,BTCUSDT,ask,61300,556.201
2024-08-11 14:18:32,BTCUSDT,ask,61300,556.203
2024-08-11 14:18:45,BTCUSDT,ask,61300,556.199
2024-08-11 14:19:11,BTCUSDT,ask,61300,556.197
2024-08-11 14:19:47,BTCUSDT,bid,59800,529.901
2024-08-11 14:20:02,BTCUSDT,ask,61300,556.457
2024-08-11 14:20:03,BTCUSDT,ask,61300,556.197
2024-08-11 14:20:20,BTCUSDT,ask,61300,556.369
2024-08-11 14:21:40,BTCUSDT,bid,59800,529.943
2024-08-11 14:21:49,BTCUSDT,ask,61300,556.199
2024-08-11 14:21:53,BTCUSDT,bid,59800,529.929
2024-08-11 14:22:00,BTCUSDT,ask,61300,556.299
2024-08-11 14:22:01,BTCUSDT,ask,61300,556.199
2024-08-11 14:23:42,BTCUSDT,bid,59800,529.942
2024-08-11 14:24:55,BTCUSDT,ask,61300,556.024
2024-08-11 14:25:29,BTCUSDT,bid,59800,529.945
2024-08-11 14:25:29,BTCUSDT,bid,59800,529.953
2024-08-11 14:26:31,BTCUSDT,bid,59800,530.077
2024-08-11 14:27:03,BTCUSDT,ask,61300,556.044
2024-08-11 14:27:04,BTCUSDT,bid,59800,530.075
2024-08-11 14:29:53,BTCUSDT,ask,61300,558.264
2024-08-11 14:30:17,BTCUSDT,ask,61300,556.064
2024-08-11 14:30:39,BTCUSDT,ask,61300,557.251
2024-08-11 14:31:24,BTCUSDT,ask,61300,556.064
2024-08-11 14:31:46,BTCUSDT,ask,61300,556.162
2024-08-11 14:31:46,BTCUSDT,ask,61300,557.662
2024-08-11 14:31:47,BTCUSDT,ask,61300,556.162
2024-08-11 14:32:13,BTCUSDT,ask,61300,557.662
2024-08-11 14:32:14,BTCUSDT,ask,61300,556.162
2024-08-11 14:32:25,BTCUSDT,ask,61300,556.064
2024-08-11 14:33:22,BTCUSDT,bid,59800,530.073
2024-08-11 14:33:38,BTCUSDT,ask,61300,557.564
2024-08-11 14:33:39,BTCUSDT,ask,61300,556.064
2024-08-11 14:33:44,BTCUSDT,ask,61300,557.564
2024-08-11 14:33:45,BTCUSDT,ask,61300,556.064
2024-08-11 14:33:50,BTCUSDT,ask,61300,556.064
2024-08-11 14:33:51,BTCUSDT,ask,61300,556.068
2024-08-11 14:33:51,BTCUSDT,ask,61300,556.064
2024-08-11 14:34:51,BTCUSDT,ask,61300,555.564
2024-08-11 14:36:03,BTCUSDT,ask,61300,555.593
2024-08-11 14:36:12,BTCUSDT,bid,59800,530.064
2024-08-11 14:36:21,BTCUSDT,ask,61300,555.693
2024-08-11 14:36:25,BTCUSDT,ask,61300,555.593
2024-08-11 14:36:29,BTCUSDT,bid,59800,530.066
2024-08-11 14:36:33,BTCUSDT,ask,61300,555.612
2024-08-11 14:36:41,BTCUSDT,bid,59800,530.021
2024-08-11 14:37:26,BTCUSDT,ask,61300,555.614
2024-08-11 14:37:36,BTCUSDT,ask,61300,555.997
2024-08-11 14:38:04,BTCUSDT,ask,61300,556.022
2024-08-11 14:38:20,BTCUSDT,ask,61300,556.022
2024-08-11 14:38:33,BTCUSDT,ask,61300,555.96
2024-08-11 14:39:19,BTCUSDT,ask,61300,556.041
2024-08-11 14:39:23,BTCUSDT,ask,61300,556.057
2024-08-11 14:39:40,BTCUSDT,ask,61300,556.041
2024-08-11 14:39:41,BTCUSDT,ask,61300,556.205
2024-08-11 14:39:43,BTCUSDT,ask,61300,556.221
2024-08-11 14:40:00,BTCUSDT,bid,59800,530.027
2024-08-11 14:40:13,BTCUSDT,ask,61300,554.35
2024-08-11 14:40:39,BTCUSDT,ask,61300,554.345
2024-08-11 14:40:40,BTCUSDT,ask,61300,554.295
2024-08-11 14:41:01,BTCUSDT,bid,59800,530.348
2024-08-11 14:41:23,BTCUSDT,ask,61300,554.195
2024-08-11 14:41:42,BTCUSDT,ask,61300,553.883
2024-08-11 14:41:44,BTCUSDT,ask,61300,553.867
2024-08-11 14:43:00,BTCUSDT,bid,59800,530.027
2024-08-11 14:43:42,BTCUSDT,ask,61300,553.869
2024-08-11 14:43:42,BTCUSDT,ask,61300,554.397
2024-08-11 14:43:45,BTCUSDT,bid,59800,530.035
2024-08-11 14:45:13,BTCUSDT,ask,61300,554.288
2024-08-11 14:45:26,BTCUSDT,ask,61300,554.309
2024-08-11 14:45:31,BTCUSDT,ask,61300,554.569
2024-08-11 14:45:31,BTCUSDT,ask,61300,554.309
2024-08-11 14:46:25,BTCUSDT,ask,61300,554.596
2024-08-11 14:46:25,BTCUSDT,ask,61300,554.533
2024-08-11 14:47:00,BTCUSDT,ask,61300,554.541
2024-08-11 14:48:49,BTCUSDT,ask,61300,554.576
2024-08-11 14:49:08,BTCUSDT,ask,61300,554.829
2024-08-11 14:49:10,BTCUSDT,ask,61300,554.831
2024-08-11 14:49:25,BTCUSDT,ask,61300,555.012
2024-08-11 14:49:30,BTCUSDT,ask,61300,554.848
2024-08-11 14:49:52,BTCUSDT,ask,61300,554.921
2024-08-11 14:49:54,BTCUSDT,bid,59800,530.022
2024-08-11 14:50:20,BTCUSDT,ask,61300,555.035
2024-08-11 14:50:31,BTCUSDT,ask,61300,554.935
2024-08-11 14:50:39,BTCUSDT,ask,61300,555.935
2024-08-11 14:50:40,BTCUSDT,ask,61300,555.648
2024-08-11 14:50:41,BTCUSDT,ask,61300,555.668
2024-08-11 14:50:54,BTCUSDT,ask,61300,555.681
2024-08-11 14:50:56,BTCUSDT,ask,61300,555.731
2024-08-11 14:50:56,BTCUSDT,bid,59800,529.972
2024-08-11 14:51:01,BTCUSDT,ask,61300,555.93
2024-08-11 14:51:15,BTCUSDT,ask,61300,555.932
2024-08-11 14:51:23,BTCUSDT,ask,61300,555.934
2024-08-11 14:51:56,BTCUSDT,bid,59800,529.703
2024-08-11 14:52:54,BTCUSDT,ask,61300,556.051
2024-08-11 14:53:04,BTCUSDT,ask,61300,555.523
2024-08-11 14:53:41,BTCUSDT,ask,61300,555.497
2024-08-11 14:54:02,BTCUSDT,ask,61300,555.347
2024-08-11 14:54:13,BTCUSDT,ask,61300,555.42
2024-08-11 14:54:22,BTCUSDT,ask,61300,555.461
2024-08-11 14:54:51,BTCUSDT,ask,61300,555.37
2024-08-11 14:54:52,BTCUSDT,ask,61300,555.443
2024-08-11 14:56:50,BTCUSDT,bid,59800,529.701
2024-08-11 14:57:00,BTCUSDT,ask,61300,555.419
2024-08-11 14:57:12,BTCUSDT,ask,61300,555.346
2024-08-11 14:57:13,BTCUSDT,ask,61300,555.353
2024-08-11 14:57:21,BTCUSDT,ask,61300,555.346
2024-08-11 14:57:24,BTCUSDT,ask,61300,555.366
2024-08-11 14:57:34,BTCUSDT,ask,61300,555.416
2024-08-11 14:57:41,BTCUSDT,ask,61300,555.367
2024-08-11 14:57:50,BTCUSDT,ask,61300,555.369
2024-08-11 14:58:05,BTCUSDT,ask,61300,555.385
2024-08-11 14:58:11,BTCUSDT,ask,61300,555.466
2024-08-11 14:58:32,BTCUSDT,bid,59800,529.698
2024-08-11 14:59:00,BTCUSDT,ask,61300,556.336
2024-08-11 14:59:02,BTCUSDT,ask,61300,556.338
2024-08-11 14:59:23,BTCUSDT,ask,61300,556.309
2024-08-11 14:59:32,BTCUSDT,ask,61300,556.509
2024-08-11 14:59:37,BTCUSDT,ask,61300,556.518
2024-08-11 15:00:07,BTCUSDT,ask,61300,556.604
2024-08-11 15:00:07,BTCUSDT,ask,61300,556.522
2024-08-11 15:00:08,BTCUSDT,ask,61300,556.558
2024-08-11 15:00:16,BTCUSDT,ask,61300,556.659
2024-08-11 15:00:26,BTCUSDT,ask,61300,556.508
2024-08-11 15:00:29,BTCUSDT,ask,61300,556.609
2024-08-11 15:00:29,BTCUSDT,ask,61300,556.613
2024-08-11 15:00:46,BTCUSDT,ask,61300,556.611
2024-08-11 15:00:54,BTCUSDT,ask,61300,555.611
2024-08-11 15:00:57,BTCUSDT,ask,61300,555.592
2024-08-11 15:01:00,BTCUSDT,ask,61300,555.594
2024-08-11 15:01:14,BTCUSDT,ask,61300,555.659
2024-08-11 15:01:44,BTCUSDT,ask,61300,555.618
2024-08-11 15:01:51,BTCUSDT,ask,61300,555.715
2024-08-11 15:01:52,BTCUSDT,ask,61300,555.643
2024-08-11 15:02:02,BTCUSDT,ask,61300,555.544
2024-08-11 15:02:13,BTCUSDT,ask,61300,555.561
2024-08-11 15:02:13,BTCUSDT,ask,61300,555.569
2024-08-11 15:02:25,BTCUSDT,ask,61300,555.579
2024-08-11 15:02:45,BTCUSDT,ask,61300,556.096
2024-08-11 15:02:47,BTCUSDT,ask,61300,555.595
2024-08-11 15:02:50,BTCUSDT,ask,61300,555.627
2024-08-11 15:02:56,BTCUSDT,ask,61300,555.629
2024-08-11 15:02:56,BTCUSDT,ask,61300,555.711
2024-08-11 15:02:56,BTCUSDT,ask,61300,555.629
2024-08-11 15:03:00,BTCUSDT,ask,61300,555.633
2024-08-11 15:03:05,BTCUSDT,ask,61300,555.597
2024-08-11 15:03:21,BTCUSDT,ask,61300,556.097
2024-08-11 15:03:23,BTCUSDT,ask,61300,556.162
2024-08-11 15:03:31,BTCUSDT,ask,61300,556.194
2024-08-11 15:03:51,BTCUSDT,ask,61300,556.236
2024-08-11 15:04:37,BTCUSDT,bid,59800,529.722
2024-08-11 15:04:41,BTCUSDT,ask,61300,556.353
2024-08-11 15:04:57,BTCUSDT,ask,61300,556.272
2024-08-11 15:05:05,BTCUSDT,ask,61300,556.276
2024-08-11 15:05:22,BTCUSDT,ask,61300,556.305
2024-08-11 15:05:30,BTCUSDT,ask,61300,556.281
2024-08-11 15:05:38,BTCUSDT,ask,61300,556.273
2024-08-11 15:05:40,BTCUSDT,ask,61300,556.286
2024-08-11 15:05:53,BTCUSDT,ask,61300,556.289
2024-08-11 15:06:02,BTCUSDT,ask,61300,556.269
2024-08-11 15:06:05,BTCUSDT,ask,61300,556.319
2024-08-11 15:06:08,BTCUSDT,ask,61300,556.238
2024-08-11 15:06:21,BTCUSDT,ask,61300,556.228
2024-08-11 15:06:27,BTCUSDT,ask,61300,556.178
2024-08-11 15:06:39,BTCUSDT,bid,59800,529.72
2024-08-11 15:06:56,BTCUSDT,ask,61300,556.257
2024-08-11 15:07:11,BTCUSDT,ask,61300,556.254
2024-08-11 15:07:13,BTCUSDT,ask,61300,556.281
2024-08-11 15:07:20,BTCUSDT,ask,61300,556.216
2024-08-11 15:07:22,BTCUSDT,ask,61300,556.218
2024-08-11 15:08:11,BTCUSDT,ask,61300,556.218
2024-08-11 15:08:16,BTCUSDT,ask,61300,556.117
2024-08-11 15:08:41,BTCUSDT,ask,61300,556.06
2024-08-11 15:08:47,BTCUSDT,ask,61300,556.047
2024-08-11 15:08:56,BTCUSDT,ask,61300,555.95
2024-08-11 15:08:58,BTCUSDT,ask,61300,555.979
2024-08-11 15:09:23,BTCUSDT,ask,61300,556.337
2024-08-11 15:09:26,BTCUSDT,bid,59800,529.755
2024-08-11 15:11:39,BTCUSDT,ask,61300,556.34
2024-08-11 15:11:40,BTCUSDT,ask,61300,556.337
2024-08-11 15:11:53,BTCUSDT,ask,61300,556.333
2024-08-11 15:12:41,BTCUSDT,ask,61300,556.345
2024-08-11 15:12:54,BTCUSDT,ask,61300,556.507
2024-08-11 15:12:55,BTCUSDT,ask,61300,556.475
2024-08-11 15:13:11,BTCUSDT,ask,61300,556.475
2024-08-11 15:13:40,BTCUSDT,ask,61300,556.117
2024-08-11 15:13:43,BTCUSDT,ask,61300,556.117
2024-08-11 15:14:05,BTCUSDT,ask,61300,556.115
2024-08-11 15:14:15,BTCUSDT,ask,61300,556.145
2024-08-11 15:14:23,BTCUSDT,bid,59800,529.747
2024-08-11 15:14:23,BTCUSDT,ask,61300,556.142
2024-08-11 15:14:48,BTCUSDT,ask,61300,556.252
2024-08-11 15:15:06,BTCUSDT,ask,61300,556.676
2024-08-11 15:15:33,BTCUSDT,ask,61300,556.688
2024-08-11 15:15:36,BTCUSDT,ask,61300,557.206
2024-08-11 15:15:40,BTCUSDT,ask,61300,557.442
2024-08-11 15:16:01,BTCUSDT,ask,61300,557.45
2024-08-11 15:16:11,BTCUSDT,ask,61300,557.478
2024-08-11 15:16:11,BTCUSDT,ask,61300,557.47
2024-08-11 15:16:40,BTCUSDT,ask,61300,557.236
2024-08-11 15:16:41,BTCUSDT,bid,47000,853.454
2024-08-11 15:16:41,BTCUSDT,bid,47500,631.754
2024-08-11 15:16:51,BTCUSDT,bid,59800,529.749
2024-08-11 15:17:15,BTCUSDT,ask,61300,557.3
2024-08-11 15:17:37,BTCUSDT,ask,61300,557.312
2024-08-11 15:17:41,BTCUSDT,ask,61300,557.368
2024-08-11 15:17:43,BTCUSDT,ask,61300,557.312
2024-08-11 15:17:51,BTCUSDT,ask,61300,558.292
2024-08-11 15:17:51,BTCUSDT,ask,61300,558.298
2024-08-11 15:18:15,BTCUSDT,ask,61300,558.234
2024-08-11 15:18:22,BTCUSDT,ask,61300,558.137
2024-08-11 15:18:33,BTCUSDT,ask,61300,558.337
2024-08-11 15:18:51,BTCUSDT,ask,61300,557.81
2024-08-11 15:18:55,BTCUSDT,ask,61300,557.86
2024-08-11 15:19:12,BTCUSDT,ask,61300,556.79
2024-08-11 15:19:13,BTCUSDT,ask,61300,556.786
2024-08-11 15:19:24,BTCUSDT,ask,61300,556.362
2024-08-11 15:19:30,BTCUSDT,ask,61300,556.366
2024-08-11 15:19:34,BTCUSDT,ask,61300,556.376
2024-08-11 15:19:37,BTCUSDT,ask,61300,557.022
2024-08-11 15:19:37,BTCUSDT,ask,61300,557.018
2024-08-11 15:19:41,BTCUSDT,ask,61300,557.016
2024-08-11 15:20:51,BTCUSDT,ask,61300,557.266
2024-08-11 15:20:58,BTCUSDT,bid,59800,529.736
2024-08-11 15:21:01,BTCUSDT,ask,61300,557.276
2024-08-11 15:21:05,BTCUSDT,ask,61300,557.349
2024-08-11 15:21:06,BTCUSDT,ask,61300,557.106
2024-08-11 15:21:24,BTCUSDT,ask,61300,557.125
2024-08-11 15:21:29,BTCUSDT,ask,61300,556.872
2024-08-11 15:21:42,BTCUSDT,ask,61300,556.882
2024-08-11 15:22:14,BTCUSDT,ask,61300,556.809
2024-08-11 15:22:51,BTCUSDT,ask,61300,556.79
2024-08-11 15:22:54,BTCUSDT,ask,61300,556.591
2024-08-11 15:23:14,BTCUSDT,ask,61300,556.392
2024-08-11 15:23:24,BTCUSDT,ask,61300,556.502
2024-08-11 15:23:26,BTCUSDT,ask,61300,555.488
2024-08-11 15:24:08,BTCUSDT,ask,61300,555.478
2024-08-11 15:25:11,BTCUSDT,ask,61300,555.574
2024-08-11 15:26:19,BTCUSDT,bid,59800,529.716
2024-08-11 15:26:20,BTCUSDT,ask,61300,555.539
2024-08-11 15:26:31,BTCUSDT,ask,61300,554.893
2024-08-11 15:27:33,BTCUSDT,ask,61300,554.917
2024-08-11 15:27:42,BTCUSDT,bid,59800,529.694
2024-08-11 15:27:49,BTCUSDT,ask,61300,554.823
2024-08-11 15:28:07,BTCUSDT,ask,61300,554.802
2024-08-11 15:28:58,BTCUSDT,ask,61300,554.734
2024-08-11 15:29:16,BTCUSDT,bid,59800,529.527
2024-08-11 15:29:30,BTCUSDT,ask,61300,554.732
2024-08-11 15:30:43,BTCUSDT,bid,59800,530.864
2024-08-11 15:31:19,BTCUSDT,ask,61300,554.779
2024-08-11 15:31:51,BTCUSDT,ask,61300,554.784
2024-08-11 15:32:50,BTCUSDT,ask,61300,554.719
2024-08-11 15:32:58,BTCUSDT,ask,61300,554.657
2024-08-11 15:33:14,BTCUSDT,ask,61300,554.654
2024-08-11 15:33:20,BTCUSDT,ask,61300,554.645
2024-08-11 15:33:21,BTCUSDT,ask,61300,554.639
2024-08-11 15:34:22,BTCUSDT,ask,61300,554.643
2024-08-11 15:34:23,BTCUSDT,ask,61300,556.599
2024-08-11 15:34:23,BTCUSDT,ask,61300,554.643
2024-08-11 15:35:18,BTCUSDT,ask,61300,554.964
2024-08-11 15:35:51,BTCUSDT,ask,61300,554.764
2024-08-11 15:36:13,BTCUSDT,bid,59800,530.862
2024-08-11 15:38:08,BTCUSDT,ask,61300,554.766
2024-08-11 15:38:10,BTCUSDT,ask,61300,554.764
2024-08-11 15:39:40,BTCUSDT,ask,61300,555.157
2024-08-11 15:40:28,BTCUSDT,ask,61300,555.145
2024-08-11 15:41:33,BTCUSDT,ask,61300,555.327
2024-08-11 15:41:39,BTCUSDT,ask,61300,555.999
2024-08-11 15:41:48,BTCUSDT,ask,61300,555.997
2024-08-11 15:41:53,BTCUSDT,ask,61300,555.982
2024-08-11 15:42:48,BTCUSDT,ask,61300,556.025
2024-08-11 15:43:12,BTCUSDT,ask,61300,556.025
2024-08-11 15:43:35,BTCUSDT,ask,61300,556.108
2024-08-11 15:44:26,BTCUSDT,ask,61300,556.012
2024-08-11 15:44:30,BTCUSDT,ask,61300,555.941
2024-08-11 15:44:48,BTCUSDT,ask,61300,555.951
2024-08-11 15:45:27,BTCUSDT,ask,61300,555.953
2024-08-11 15:46:15,BTCUSDT,ask,61300,556.024
2024-08-11 15:46:48,BTCUSDT,ask,61300,555.949
2024-08-11 15:47:12,BTCUSDT,ask,61300,555.928
2024-08-11 15:47:39,BTCUSDT,ask,61300,555.886
2024-08-11 15:47:41,BTCUSDT,ask,61300,555.859
2024-08-11 15:47:44,BTCUSDT,ask,61300,556.645
2024-08-11 15:47:45,BTCUSDT,ask,61300,555.859
2024-08-11 15:47:46,BTCUSDT,ask,61300,556.602
2024-08-11 15:47:46,BTCUSDT,ask,61300,556.592
2024-08-11 15:47:49,BTCUSDT,ask,61300,555.852
2024-08-11 15:47:57,BTCUSDT,ask,61300,556.044
2024-08-11 15:47:57,BTCUSDT,ask,61300,556.813
2024-08-11 15:47:57,BTCUSDT,ask,61300,556.044
2024-08-11 15:47:59,BTCUSDT,ask,61300,556.81
2024-08-11 15:48:00,BTCUSDT,ask,61300,556.289
2024-08-11 15:48:02,BTCUSDT,ask,61300,556.046
2024-08-11 15:48:06,BTCUSDT,ask,61300,555.847
2024-08-11 15:48:07,BTCUSDT,ask,61300,555.855
2024-08-11 15:48:08,BTCUSDT,ask,61300,555.855
2024-08-11 15:48:08,BTCUSDT,ask,61300,556.145
2024-08-11 15:48:09,BTCUSDT,ask,61300,556.153
2024-08-11 15:48:09,BTCUSDT,ask,61300,556.153
2024-08-11 15:48:09,BTCUSDT,ask,61300,555.863
2024-08-11 15:48:10,BTCUSDT,ask,61300,556.656
2024-08-11 15:48:10,BTCUSDT,ask,61300,555.863
2024-08-11 15:48:11,BTCUSDT,ask,61300,556.648
2024-08-11 15:48:11,BTCUSDT,ask,61300,555.855
2024-08-11 15:48:11,BTCUSDT,ask,61300,555.959
2024-08-11 15:48:11,BTCUSDT,ask,61300,555.847
2024-08-11 15:48:12,BTCUSDT,ask,61300,556.625
2024-08-11 15:48:12,BTCUSDT,ask,61300,555.847
2024-08-11 15:48:13,BTCUSDT,ask,61300,555.847
2024-08-11 15:48:14,BTCUSDT,ask,61300,555.847
2024-08-11 15:48:15,BTCUSDT,ask,61300,555.847
2024-08-11 15:48:16,BTCUSDT,ask,61300,556.625
2024-08-11 15:48:16,BTCUSDT,ask,61300,555.847
2024-08-11 15:48:17,BTCUSDT,ask,61300,556.625
2024-08-11 15:48:17,BTCUSDT,ask,61300,555.847
2024-08-11 15:48:17,BTCUSDT,ask,61300,556.62
2024-08-11 15:48:18,BTCUSDT,ask,61300,556.661
2024-08-11 15:48:19,BTCUSDT,ask,61300,556.661
2024-08-11 15:48:20,BTCUSDT,ask,61300,557.454
2024-08-11 15:48:20,BTCUSDT,ask,61300,556.661
2024-08-11 15:48:21,BTCUSDT,ask,61300,558.214
2024-08-11 15:48:21,BTCUSDT,ask,61300,557.421
2024-08-11 15:48:22,BTCUSDT,ask,61300,557.421
2024-08-11 15:48:22,BTCUSDT,ask,61300,557.429
2024-08-11 15:48:24,BTCUSDT,ask,61300,557.5
2024-08-11 15:48:25,BTCUSDT,ask,61300,557.487
2024-08-11 15:48:25,BTCUSDT,ask,61300,556.709
2024-08-11 15:48:26,BTCUSDT,ask,61300,557.487
2024-08-11 15:48:26,BTCUSDT,ask,61300,556.709
2024-08-11 15:48:27,BTCUSDT,ask,61300,556.709
2024-08-11 15:48:27,BTCUSDT,ask,61300,556.725
2024-08-11 15:48:28,BTCUSDT,ask,61300,557.503
2024-08-11 15:48:28,BTCUSDT,ask,61300,556.725
2024-08-11 15:48:29,BTCUSDT,ask,61300,556.709
2024-08-11 15:48:30,BTCUSDT,ask,61300,558.217
2024-08-11 15:48:33,BTCUSDT,ask,61300,557.493
2024-08-11 15:48:33,BTCUSDT,ask,61300,557.605
2024-08-11 15:48:35,BTCUSDT,ask,61300,557.595
2024-08-11 15:48:39,BTCUSDT,ask,61300,560.214
2024-08-11 15:48:39,BTCUSDT,ask,61300,560.221
2024-08-11 15:48:40,BTCUSDT,ask,61300,560.221
2024-08-11 15:48:40,BTCUSDT,ask,61300,560.219
2024-08-11 15:48:40,BTCUSDT,ask,61300,559.503
2024-08-11 15:48:41,BTCUSDT,ask,61300,559.455
2024-08-11 15:48:41,BTCUSDT,ask,61300,560.23
2024-08-11 15:48:42,BTCUSDT,ask,61300,560.23
2024-08-11 15:48:42,BTCUSDT,ask,61300,559.455
2024-08-11 15:48:43,BTCUSDT,ask,61300,560.065
2024-08-11 15:48:43,BTCUSDT,ask,61300,559.455
2024-08-11 15:48:43,BTCUSDT,ask,61300,560.072
2024-08-11 15:48:43,BTCUSDT,ask,61300,560.072
2024-08-11 15:48:43,BTCUSDT,ask,61300,560.142
2024-08-11 15:48:43,BTCUSDT,ask,61300,560.14
2024-08-11 15:48:44,BTCUSDT,ask,61300,561.813
2024-08-11 15:48:44,BTCUSDT,ask,61300,561.832
2024-08-11 15:48:44,BTCUSDT,ask,61300,559.472
2024-08-11 15:48:44,BTCUSDT,ask,61300,559.467
2024-08-11 15:48:45,BTCUSDT,ask,61300,560.245
2024-08-11 15:48:45,BTCUSDT,ask,61300,559.467
2024-08-11 15:48:46,BTCUSDT,ask,61300,559.467
2024-08-11 15:48:46,BTCUSDT,ask,61300,561.526
2024-08-11 15:48:46,BTCUSDT,ask,61300,562.29
2024-08-11 15:48:47,BTCUSDT,ask,61300,564.618
2024-08-11 15:48:48,BTCUSDT,ask,61300,566.142
2024-08-11 15:48:48,BTCUSDT,ask,61300,565.364
2024-08-11 15:48:49,BTCUSDT,ask,61300,566.142
2024-08-11 15:48:49,BTCUSDT,ask,61300,565.364
2024-08-11 15:48:50,BTCUSDT,ask,61300,565.364
2024-08-11 15:48:51,BTCUSDT,ask,61300,565.364
2024-08-11 15:48:52,BTCUSDT,ask,61300,566.142
2024-08-11 15:48:52,BTCUSDT,ask,61300,565.364
2024-08-11 15:48:52,BTCUSDT,ask,61300,565.44
2024-08-11 15:48:53,BTCUSDT,ask,61300,565.44
2024-08-11 15:48:54,BTCUSDT,ask,61300,565.44
2024-08-11 15:48:54,BTCUSDT,ask,61300,564.694
2024-08-11 15:48:54,BTCUSDT,ask,61300,561.602
2024-08-11 15:48:54,BTCUSDT,ask,61300,562.009
2024-08-11 15:48:55,BTCUSDT,ask,61300,562.787
2024-08-11 15:48:55,BTCUSDT,ask,61300,562.009
2024-08-11 15:48:55,BTCUSDT,ask,61300,561.602
2024-08-11 15:48:56,BTCUSDT,ask,61300,562.38
2024-08-11 15:48:56,BTCUSDT,ask,61300,561.602
2024-08-11 15:48:57,BTCUSDT,ask,61300,561.61
2024-08-11 15:48:57,BTCUSDT,ask,61300,561.61
2024-08-11 15:48:58,BTCUSDT,ask,61300,561.61
2024-08-11 15:48:59,BTCUSDT,ask,61300,562.388
2024-08-11 15:48:59,BTCUSDT,ask,61300,561.61
2024-08-11 15:48:59,BTCUSDT,ask,61300,562.381
2024-08-11 15:49:00,BTCUSDT,ask,61300,563.159
2024-08-11 15:49:00,BTCUSDT,ask,61300,562.381
2024-08-11 15:49:00,BTCUSDT,ask,61300,562.383
2024-08-11 15:49:01,BTCUSDT,ask,61300,562.383
2024-08-11 15:49:02,BTCUSDT,ask,61300,563.161
2024-08-11 15:49:02,BTCUSDT,ask,61300,562.383
2024-08-11 15:49:03,BTCUSDT,ask,61300,562.383
2024-08-11 15:49:04,BTCUSDT,ask,61300,563.176
2024-08-11 15:49:04,BTCUSDT,ask,61300,562.383
2024-08-11 15:49:05,BTCUSDT,ask,61300,562.383
2024-08-11 15:49:06,BTCUSDT,ask,61300,563.161
2024-08-11 15:49:06,BTCUSDT,ask,61300,562.383
2024-08-11 15:49:07,BTCUSDT,ask,61300,562.383
2024-08-11 15:49:07,BTCUSDT,ask,61300,562.93
2024-08-11 15:49:08,BTCUSDT,ask,61300,563.753
2024-08-11 15:49:08,BTCUSDT,ask,61300,562.975
2024-08-11 15:49:09,BTCUSDT,ask,61300,562.975
2024-08-11 15:49:09,BTCUSDT,ask,61300,563.137
2024-08-11 15:49:10,BTCUSDT,ask,61300,563.915
2024-08-11 15:49:10,BTCUSDT,ask,61300,563.137
2024-08-11 15:49:10,BTCUSDT,ask,61300,562.366
2024-08-11 15:49:10,BTCUSDT,ask,61300,563.119
2024-08-11 15:49:11,BTCUSDT,ask,61300,563.912
2024-08-11 15:49:11,BTCUSDT,ask,61300,563.119
2024-08-11 15:49:11,BTCUSDT,ask,61300,562.366
2024-08-11 15:49:12,BTCUSDT,ask,61300,563.144
2024-08-11 15:49:12,BTCUSDT,ask,61300,562.366
2024-08-11 15:49:12,BTCUSDT,ask,61300,562.41
2024-08-11 15:49:13,BTCUSDT,ask,61300,563.927
2024-08-11 15:49:13,BTCUSDT,ask,61300,563.919
2024-08-11 15:49:13,BTCUSDT,ask,61300,563.933
2024-08-11 15:49:14,BTCUSDT,ask,61300,564.726
2024-08-11 15:49:14,BTCUSDT,ask,61300,563.933
2024-08-11 15:49:15,BTCUSDT,ask,61300,563.933
2024-08-11 15:49:15,BTCUSDT,ask,61300,563.931
2024-08-11 15:49:16,BTCUSDT,ask,61300,563.931
2024-08-11 15:49:17,BTCUSDT,ask,61300,564.709
2024-08-11 15:49:17,BTCUSDT,ask,61300,563.931
2024-08-11 15:49:18,BTCUSDT,ask,61300,564.709
2024-08-11 15:49:18,BTCUSDT,ask,61300,563.931
2024-08-11 15:49:18,BTCUSDT,ask,61300,563.213
2024-08-11 15:49:18,BTCUSDT,ask,61300,563.203
2024-08-11 15:49:19,BTCUSDT,ask,61300,563.203
2024-08-11 15:49:19,BTCUSDT,ask,61300,563.945
2024-08-11 15:49:19,BTCUSDT,ask,61300,563.955
2024-08-11 15:49:20,BTCUSDT,ask,61300,564.006
2024-08-11 15:49:20,BTCUSDT,ask,61300,563.198
2024-08-11 15:49:20,BTCUSDT,ask,61300,563.974
2024-08-11 15:49:20,BTCUSDT,ask,61300,564.136
2024-08-11 15:49:20,BTCUSDT,ask,61300,563.36
2024-08-11 15:49:21,BTCUSDT,ask,61300,563.36
2024-08-11 15:49:21,BTCUSDT,ask,61300,563.35
2024-08-11 15:49:22,BTCUSDT,ask,61300,563.35
2024-08-11 15:49:23,BTCUSDT,ask,61300,564.143
2024-08-11 15:49:23,BTCUSDT,ask,61300,563.35
2024-08-11 15:49:23,BTCUSDT,ask,61300,563.285
2024-08-11 15:49:24,BTCUSDT,ask,61300,563.285
2024-08-11 15:49:25,BTCUSDT,ask,61300,563.285
2024-08-11 15:49:25,BTCUSDT,ask,61300,563.241
2024-08-11 15:49:26,BTCUSDT,ask,61300,563.241
2024-08-11 15:49:27,BTCUSDT,ask,61300,563.241
2024-08-11 15:49:27,BTCUSDT,ask,61300,563.241
2024-08-11 15:49:29,BTCUSDT,ask,61300,562.627
2024-08-11 15:49:30,BTCUSDT,ask,61300,563.405
2024-08-11 15:49:31,BTCUSDT,ask,61300,562.616
2024-08-11 15:49:32,BTCUSDT,ask,61300,562.616
2024-08-11 15:49:32,BTCUSDT,ask,61300,565.852
2024-08-11 15:49:33,BTCUSDT,ask,61300,565.852
2024-08-11 15:49:33,BTCUSDT,bid,59800,530.898
2024-08-11 15:49:34,BTCUSDT,ask,61300,566.63
2024-08-11 15:49:34,BTCUSDT,ask,61300,565.852
2024-08-11 15:49:35,BTCUSDT,ask,61300,566.461
2024-08-11 15:49:36,BTCUSDT,ask,61300,566.461
2024-08-11 15:49:37,BTCUSDT,ask,61300,566.461
2024-08-11 15:49:38,BTCUSDT,ask,61300,567.239
2024-08-11 15:49:38,BTCUSDT,ask,61300,566.461
2024-08-11 15:49:38,BTCUSDT,ask,61300,563.225
2024-08-11 15:49:39,BTCUSDT,ask,61300,563.225
2024-08-11 15:49:40,BTCUSDT,ask,61300,563.225
2024-08-11 15:49:40,BTCUSDT,ask,61300,562.627
2024-08-11 15:49:41,BTCUSDT,ask,61300,562.627
2024-08-11 15:49:42,BTCUSDT,ask,61300,563.224
2024-08-11 15:49:42,BTCUSDT,ask,61300,562.627
2024-08-11 15:49:45,BTCUSDT,ask,61300,562.627
2024-08-11 15:49:46,BTCUSDT,ask,61300,562.627
2024-08-11 15:49:47,BTCUSDT,ask,61300,562.627
2024-08-11 15:49:47,BTCUSDT,ask,61300,562.306
2024-08-11 15:49:48,BTCUSDT,ask,61300,563.084
2024-08-11 15:49:49,BTCUSDT,ask,61300,562.306
2024-08-11 15:49:49,BTCUSDT,ask,61300,562.31
2024-08-11 15:49:50,BTCUSDT,ask,61300,562.31
2024-08-11 15:49:56,BTCUSDT,ask,61300,562.362
2024-08-11 15:49:57,BTCUSDT,ask,61300,562.362
2024-08-11 15:49:58,BTCUSDT,ask,61300,562.362
2024-08-11 15:49:58,BTCUSDT,ask,61300,562.362
2024-08-11 15:49:59,BTCUSDT,ask,61300,562.362
2024-08-11 15:50:00,BTCUSDT,ask,61300,563.14
2024-08-11 15:50:00,BTCUSDT,ask,61300,562.362
2024-08-11 15:50:00,BTCUSDT,ask,61300,562.36
2024-08-11 15:50:01,BTCUSDT,ask,61300,563.138
2024-08-11 15:50:01,BTCUSDT,ask,61300,562.36
2024-08-11 15:50:01,BTCUSDT,ask,61300,562.93
2024-08-11 15:50:02,BTCUSDT,ask,61300,562.93
2024-08-11 15:50:02,BTCUSDT,ask,61300,562.376
2024-08-11 15:50:02,BTCUSDT,ask,61300,562.977
2024-08-11 15:50:03,BTCUSDT,ask,61300,563.007
2024-08-11 15:50:03,BTCUSDT,ask,61300,562.957
2024-08-11 15:50:03,BTCUSDT,ask,61300,562.939
2024-08-11 15:50:04,BTCUSDT,ask,61300,563.692
2024-08-11 15:50:04,BTCUSDT,ask,61300,563.692
2024-08-11 15:50:04,BTCUSDT,ask,61300,563.772
2024-08-11 15:50:04,BTCUSDT,ask,61300,563.806
2024-08-11 15:50:04,BTCUSDT,ask,61300,563.726
2024-08-11 15:50:05,BTCUSDT,ask,61300,564.67
2024-08-11 15:50:05,BTCUSDT,ask,61300,563.726
2024-08-11 15:50:06,BTCUSDT,ask,61300,563.726
2024-08-11 15:50:07,BTCUSDT,ask,61300,563.726
2024-08-11 15:50:08,BTCUSDT,ask,61300,564.504
2024-08-11 15:50:08,BTCUSDT,ask,61300,563.726
2024-08-11 15:50:09,BTCUSDT,ask,61300,563.726
2024-08-11 15:50:09,BTCUSDT,ask,61300,563.828
2024-08-11 15:50:10,BTCUSDT,ask,61300,563.828
2024-08-11 15:50:10,BTCUSDT,bid,59800,530.905
2024-08-11 15:50:10,BTCUSDT,ask,61300,563.716
2024-08-11 15:50:11,BTCUSDT,ask,61300,563.718
2024-08-11 15:50:11,BTCUSDT,ask,61300,563.72
2024-08-11 15:50:12,BTCUSDT,ask,61300,564.498
2024-08-11 15:50:12,BTCUSDT,ask,61300,563.72
2024-08-11 15:50:13,BTCUSDT,ask,61300,563.229
2024-08-11 15:50:13,BTCUSDT,ask,61300,563.341
2024-08-11 15:50:13,BTCUSDT,ask,61300,563.229
2024-08-11 15:50:13,BTCUSDT,ask,61800,628.366
2024-08-11 15:50:14,BTCUSDT,ask,61300,563.229
2024-08-11 15:50:15,BTCUSDT,ask,61300,567.007
2024-08-11 15:50:15,BTCUSDT,ask,61300,566.229
2024-08-11 15:50:15,BTCUSDT,ask,61300,566.484
2024-08-11 15:50:16,BTCUSDT,ask,61300,566.484
2024-08-11 15:50:16,BTCUSDT,ask,61800,628.286
2024-08-11 15:50:17,BTCUSDT,ask,61300,566.484
2024-08-11 15:50:18,BTCUSDT,ask,61300,566.484
2024-08-11 15:50:19,BTCUSDT,ask,61300,566.484
2024-08-11 15:50:20,BTCUSDT,ask,61300,567.262
2024-08-11 15:50:20,BTCUSDT,ask,61300,566.484
2024-08-11 15:50:21,BTCUSDT,ask,61300,567.262
2024-08-11 15:50:21,BTCUSDT,ask,61300,566.484
2024-08-11 15:50:21,BTCUSDT,ask,61300,566.486
2024-08-11 15:50:22,BTCUSDT,ask,61300,566.486
2024-08-11 15:50:23,BTCUSDT,ask,61300,566.486
2024-08-11 15:50:23,BTCUSDT,ask,61300,563.811
2024-08-11 15:50:24,BTCUSDT,ask,61300,564.051
2024-08-11 15:50:24,BTCUSDT,ask,61300,564.049
2024-08-11 15:50:25,BTCUSDT,ask,61300,564.827
2024-08-11 15:50:25,BTCUSDT,ask,61300,564.049
2024-08-11 15:50:26,BTCUSDT,ask,61300,564.049
2024-08-11 15:50:27,BTCUSDT,ask,61300,564.049
2024-08-11 15:50:27,BTCUSDT,ask,61300,564.035
2024-08-11 15:50:28,BTCUSDT,ask,61300,564.813
2024-08-11 15:50:28,BTCUSDT,ask,61300,564.035
2024-08-11 15:50:28,BTCUSDT,ask,61300,564.616
2024-08-11 15:50:28,BTCUSDT,ask,61300,564.035
2024-08-11 15:50:29,BTCUSDT,ask,61300,564.035
2024-08-11 15:50:29,BTCUSDT,ask,61300,564.719
2024-08-11 15:50:29,BTCUSDT,ask,61300,564.268
2024-08-11 15:50:29,BTCUSDT,ask,61300,564.875
2024-08-11 15:50:29,BTCUSDT,ask,61300,564.268
2024-08-11 15:50:30,BTCUSDT,ask,61300,564.268
2024-08-11 15:50:31,BTCUSDT,ask,61300,565.046
2024-08-11 15:50:31,BTCUSDT,ask,61300,564.268
2024-08-11 15:50:32,BTCUSDT,ask,61300,564.806
2024-08-11 15:50:32,BTCUSDT,ask,61300,564.028
2024-08-11 15:50:32,BTCUSDT,ask,61300,564.036
2024-08-11 15:50:33,BTCUSDT,ask,61300,564.036
2024-08-11 15:50:33,BTCUSDT,ask,61300,564.047
2024-08-11 15:50:34,BTCUSDT,ask,61300,564.825
2024-08-11 15:50:34,BTCUSDT,ask,61300,564.147
2024-08-11 15:50:35,BTCUSDT,ask,61300,564.147
2024-08-11 15:50:36,BTCUSDT,ask,61300,564.192
2024-08-11 15:50:37,BTCUSDT,ask,61300,564.97
2024-08-11 15:50:37,BTCUSDT,ask,61300,564.192
2024-08-11 15:50:38,BTCUSDT,ask,61300,564.344
2024-08-11 15:50:38,BTCUSDT,ask,61300,564.349
2024-08-11 15:50:39,BTCUSDT,ask,61300,564.305
2024-08-11 15:50:41,BTCUSDT,ask,61300,564.585
2024-08-11 15:50:42,BTCUSDT,ask,61300,564.485
2024-08-11 15:50:43,BTCUSDT,ask,61300,564.475
2024-08-11 15:50:45,BTCUSDT,ask,61300,564.313
2024-08-11 15:50:47,BTCUSDT,ask,61300,564.33
2024-08-11 15:50:48,BTCUSDT,ask,61300,563.516
2024-08-11 15:50:56,BTCUSDT,ask,61300,563.502
2024-08-11 15:50:57,BTCUSDT,ask,61300,562.502
2024-08-11 15:50:58,BTCUSDT,ask,61300,563.093
2024-08-11 15:50:59,BTCUSDT,ask,61300,562.472
2024-08-11 15:50:59,BTCUSDT,ask,61300,563.25
2024-08-11 15:50:59,BTCUSDT,ask,61300,563.093
2024-08-11 15:50:59,BTCUSDT,ask,61300,563.107
2024-08-11 15:51:00,BTCUSDT,ask,61300,563.107
2024-08-11 15:51:01,BTCUSDT,ask,61300,563.906
2024-08-11 15:51:01,BTCUSDT,ask,61300,563.113
2024-08-11 15:51:02,BTCUSDT,ask,61300,563.891
2024-08-11 15:51:02,BTCUSDT,ask,61300,563.113
2024-08-11 15:51:03,BTCUSDT,ask,61300,563.113
2024-08-11 15:51:04,BTCUSDT,ask,61300,563.285
2024-08-11 15:51:04,BTCUSDT,ask,61300,562.492
2024-08-11 15:51:05,BTCUSDT,ask,61300,563.27
2024-08-11 15:51:05,BTCUSDT,ask,61300,562.494
2024-08-11 15:51:07,BTCUSDT,ask,61300,562.841
2024-08-11 15:51:08,BTCUSDT,ask,61300,562.841
2024-08-11 15:51:08,BTCUSDT,ask,61300,562.494
2024-08-11 15:51:09,BTCUSDT,ask,61300,562.494
2024-08-11 15:51:10,BTCUSDT,ask,61300,563.287
2024-08-11 15:51:10,BTCUSDT,ask,61300,562.494
2024-08-11 15:51:11,BTCUSDT,ask,61300,562.494
2024-08-11 15:51:12,BTCUSDT,ask,61300,562.494
2024-08-11 15:51:13,BTCUSDT,ask,61300,562.494
2024-08-11 15:51:14,BTCUSDT,ask,61300,562.494
2024-08-11 15:51:15,BTCUSDT,ask,61300,563.272
2024-08-11 15:51:15,BTCUSDT,ask,61300,562.494
2024-08-11 15:51:16,BTCUSDT,ask,61300,562.494
2024-08-11 15:51:16,BTCUSDT,ask,61300,559.494
2024-08-11 15:51:17,BTCUSDT,ask,61300,559.494
2024-08-11 15:51:18,BTCUSDT,ask,61300,559.494
2024-08-11 15:51:19,BTCUSDT,ask,61300,559.494
2024-08-11 15:51:20,BTCUSDT,ask,61300,560.272
2024-08-11 15:51:20,BTCUSDT,ask,61300,559.494
2024-08-11 15:51:21,BTCUSDT,ask,61300,560.272
2024-08-11 15:51:21,BTCUSDT,ask,61300,559.494
2024-08-11 15:51:21,BTCUSDT,ask,61300,558.947
2024-08-11 15:51:22,BTCUSDT,ask,61300,558.947
2024-08-11 15:51:23,BTCUSDT,ask,61300,558.947
2024-08-11 15:51:24,BTCUSDT,ask,61300,558.947
2024-08-11 15:51:24,BTCUSDT,bid,59800,530.933
2024-08-11 15:51:25,BTCUSDT,ask,61300,558.947
2024-08-11 15:51:26,BTCUSDT,ask,61300,558.947
2024-08-11 15:51:27,BTCUSDT,ask,61300,558.947
2024-08-11 15:51:28,BTCUSDT,ask,61300,559.725
2024-08-11 15:51:28,BTCUSDT,ask,61300,558.947
2024-08-11 15:51:28,BTCUSDT,ask,61300,558.963
2024-08-11 15:51:29,BTCUSDT,ask,61300,558.955
2024-08-11 15:51:30,BTCUSDT,ask,61300,559.733
2024-08-11 15:51:30,BTCUSDT,ask,61300,558.955
2024-08-11 15:51:31,BTCUSDT,ask,61300,560.324
2024-08-11 15:51:31,BTCUSDT,ask,61300,559.546
2024-08-11 15:51:32,BTCUSDT,ask,61300,559.548
2024-08-11 15:51:32,BTCUSDT,ask,61300,559.548
2024-08-11 15:51:33,BTCUSDT,ask,61300,560.326
2024-08-11 15:51:33,BTCUSDT,ask,61300,559.548
2024-08-11 15:51:34,BTCUSDT,ask,61300,559.548
2024-08-11 15:51:35,BTCUSDT,ask,61300,559.548
2024-08-11 15:51:35,BTCUSDT,ask,61300,559.55
2024-08-11 15:51:36,BTCUSDT,ask,61300,560.328
2024-08-11 15:51:36,BTCUSDT,ask,61300,559.55
2024-08-11 15:51:37,BTCUSDT,ask,61300,559.55
2024-08-11 15:51:38,BTCUSDT,ask,61300,559.55
2024-08-11 15:51:39,BTCUSDT,ask,61300,560.328
2024-08-11 15:51:39,BTCUSDT,ask,61300,559.55
2024-08-11 15:51:40,BTCUSDT,ask,61300,559.55
2024-08-11 15:51:41,BTCUSDT,ask,61300,559.55
2024-08-11 15:51:42,BTCUSDT,ask,61300,559.55
2024-08-11 15:51:42,BTCUSDT,ask,61300,558.957
2024-08-11 15:51:42,BTCUSDT,ask,61300,559.557
2024-08-11 15:51:43,BTCUSDT,ask,61300,560.335
2024-08-11 15:51:43,BTCUSDT,ask,61300,559.557
2024-08-11 15:51:43,BTCUSDT,ask,61300,558.957
2024-08-11 15:51:44,BTCUSDT,ask,61300,559.735
2024-08-11 15:51:44,BTCUSDT,ask,61300,558.957
2024-08-11 15:51:44,BTCUSDT,ask,61300,538.922
2024-08-11 15:51:44,BTCUSDT,ask,61300,538.924
2024-08-11 15:51:45,BTCUSDT,ask,61300,538.171
2024-08-11 15:51:45,BTCUSDT,ask,61300,538.22
2024-08-11 15:51:45,BTCUSDT,ask,61300,538.28
2024-08-11 15:51:45,BTCUSDT,ask,61300,538.222
2024-08-11 15:51:46,BTCUSDT,ask,61300,538.173
2024-08-11 15:51:46,BTCUSDT,ask,61300,538.18
2024-08-11 15:51:46,BTCUSDT,ask,61300,537.925
2024-08-11 15:51:46,BTCUSDT,ask,61300,537.905
2024-08-11 15:51:47,BTCUSDT,ask,61300,537.907
2024-08-11 15:51:48,BTCUSDT,ask,61300,537.905
2024-08-11 15:51:48,BTCUSDT,ask,61300,537.912
2024-08-11 15:51:48,BTCUSDT,ask,61300,537.914
2024-08-11 15:51:49,BTCUSDT,ask,61300,537.918
2024-08-11 15:51:49,BTCUSDT,ask,61300,539.792
2024-08-11 15:51:49,BTCUSDT,ask,61300,539.79
2024-08-11 15:51:50,BTCUSDT,ask,61300,528.715
2024-08-11 15:51:50,BTCUSDT,ask,61300,528.391
2024-08-11 15:51:51,BTCUSDT,ask,61300,528.393
2024-08-11 15:51:51,BTCUSDT,ask,61300,528.413
2024-08-11 15:51:51,BTCUSDT,ask,61300,528.393
2024-08-11 15:51:51,BTCUSDT,ask,61300,528.391
2024-08-11 15:51:52,BTCUSDT,ask,61300,528.393
2024-08-11 15:51:53,BTCUSDT,ask,61300,528.065
2024-08-11 15:51:54,BTCUSDT,ask,61300,528.046
2024-08-11 15:51:55,BTCUSDT,ask,61300,528.068
2024-08-11 15:51:56,BTCUSDT,ask,61300,527.974
2024-08-11 15:51:56,BTCUSDT,ask,61300,527.982
2024-08-11 15:51:57,BTCUSDT,ask,61300,528.69
2024-08-11 15:51:58,BTCUSDT,ask,61300,527.982
2024-08-11 15:51:58,BTCUSDT,ask,61300,527.984
2024-08-11 15:52:00,BTCUSDT,ask,61300,528.004
2024-08-11 15:52:00,BTCUSDT,ask,61300,528.004
2024-08-11 15:52:03,BTCUSDT,ask,61300,527.951
2024-08-11 15:52:03,BTCUSDT,ask,61300,527.949
2024-08-11 15:52:03,BTCUSDT,ask,61300,527.951
2024-08-11 15:52:03,BTCUSDT,ask,61300,527.949
2024-08-11 15:52:03,BTCUSDT,ask,61300,527.947
2024-08-11 15:52:04,BTCUSDT,ask,61300,528.572
2024-08-11 15:52:05,BTCUSDT,ask,61300,527.947
2024-08-11 15:52:05,BTCUSDT,ask,61300,527.949
2024-08-11 15:52:29,BTCUSDT,ask,61400,530.708
2024-08-11 15:52:30,BTCUSDT,ask,61400,530.604
2024-08-11 15:52:30,BTCUSDT,ask,61400,530.594
2024-08-11 15:52:31,BTCUSDT,ask,61400,530.509
2024-08-11 15:52:31,BTCUSDT,ask,61400,530.511
2024-08-11 15:52:31,BTCUSDT,ask,61400,530.514
2024-08-11 15:52:33,BTCUSDT,ask,61400,531.988
2024-08-11 15:52:33,BTCUSDT,ask,61400,532.515
2024-08-11 15:52:34,BTCUSDT,ask,61400,532.518
2024-08-11 15:52:35,BTCUSDT,ask,61400,533.006
2024-08-11 15:52:35,BTCUSDT,ask,61400,533.82
2024-08-11 15:52:35,BTCUSDT,ask,61400,533.809
2024-08-11 15:52:36,BTCUSDT,ask,61400,533.806
2024-08-11 15:52:37,BTCUSDT,ask,61400,536.038
2024-08-11 15:52:37,BTCUSDT,ask,61400,536.363
2024-08-11 15:52:39,BTCUSDT,ask,61400,536.429
2024-08-11 15:52:44,BTCUSDT,ask,61400,535.941
2024-08-11 15:52:47,BTCUSDT,ask,61400,535.943
2024-08-11 15:52:49,BTCUSDT,ask,61400,535.941
2024-08-11 15:52:56,BTCUSDT,ask,61400,535.686
2024-08-11 15:53:00,BTCUSDT,ask,61400,535.689
2024-08-11 15:53:02,BTCUSDT,ask,61400,535.749
2024-08-11 15:53:05,BTCUSDT,ask,61400,535.76
2024-08-11 15:53:07,BTCUSDT,ask,61400,535.7
2024-08-11 15:53:07,BTCUSDT,ask,61400,535.698
2024-08-11 15:53:08,BTCUSDT,ask,61400,535.692
2024-08-11 15:53:09,BTCUSDT,ask,61400,534.218
2024-08-11 15:53:13,BTCUSDT,ask,61400,534.329
2024-08-11 15:53:15,BTCUSDT,ask,61400,534.262
2024-08-11 15:53:17,BTCUSDT,ask,61400,534.303
2024-08-11 15:53:19,BTCUSDT,ask,61400,533.304
2024-08-11 15:53:30,BTCUSDT,ask,61400,531.146
2024-08-11 15:53:34,BTCUSDT,ask,61400,531.048
2024-08-11 15:53:39,BTCUSDT,ask,61400,531.028
2024-08-11 15:53:47,BTCUSDT,ask,61400,531.036
2024-08-11 15:53:48,BTCUSDT,ask,61400,531.348
2024-08-11 15:53:49,BTCUSDT,ask,61400,531.332
2024-08-11 15:53:58,BTCUSDT,ask,61400,531.267
2024-08-11 15:54:01,BTCUSDT,bid,59800,530.943
2024-08-11 15:54:09,BTCUSDT,ask,61400,531.243
2024-08-11 15:54:16,BTCUSDT,ask,61400,531.162
2024-08-11 15:54:32,BTCUSDT,ask,61400,531.135
2024-08-11 15:54:36,BTCUSDT,ask,61400,531.139
2024-08-11 15:54:50,BTCUSDT,ask,61400,520.928
2024-08-11 15:54:53,BTCUSDT,ask,61400,520.93
2024-08-11 15:54:56,BTCUSDT,ask,61400,520.938
2024-08-11 15:54:58,BTCUSDT,ask,61400,520.995
2024-08-11 15:55:00,BTCUSDT,ask,61400,520.992
2024-08-11 15:55:03,BTCUSDT,ask,61400,520.492
2024-08-11 15:55:07,BTCUSDT,ask,61400,520.484
2024-08-11 15:55:10,BTCUSDT,ask,61400,520.486
2024-08-11 15:55:16,BTCUSDT,ask,61400,520.484
2024-08-11 15:55:23,BTCUSDT,ask,61400,520.486
2024-08-11 15:55:33,BTCUSDT,ask,61400,520.488
2024-08-11 15:55:52,BTCUSDT,ask,61400,520.796
2024-08-11 15:56:05,BTCUSDT,bid,59800,530.936
2024-08-11 15:56:05,BTCUSDT,ask,61400,519.796
2024-08-11 15:56:47,BTCUSDT,ask,61400,519.687
2024-08-11 15:56:48,BTCUSDT,ask,61400,521.323
2024-08-11 15:57:13,BTCUSDT,ask,61400,521.319
2024-08-11 15:57:17,BTCUSDT,ask,61400,521.262
2024-08-11 15:57:36,BTCUSDT,ask,61400,521.257
2024-08-11 15:57:40,BTCUSDT,bid,59800,530.94
2024-08-11 15:57:47,BTCUSDT,ask,61400,521.343
2024-08-11 15:57:47,BTCUSDT,ask,61400,521.345
2024-08-11 15:58:10,BTCUSDT,bid,59800,530.64
2024-08-11 15:58:16,BTCUSDT,ask,61400,522.345
2024-08-11 15:58:24,BTCUSDT,ask,61400,522.266
2024-08-11 15:58:35,BTCUSDT,ask,61400,522.27
2024-08-11 15:58:45,BTCUSDT,ask,61400,522.192
2024-08-11 15:58:48,BTCUSDT,ask,61400,522.171
2024-08-11 16:00:28,BTCUSDT,ask,61400,522.599
2024-08-11 16:00:44,BTCUSDT,ask,61400,522.599
2024-08-11 16:00:49,BTCUSDT,ask,61400,522.588
2024-08-11 16:00:51,BTCUSDT,ask,61400,522.285
2024-08-11 16:01:35,BTCUSDT,ask,61400,522.275
2024-08-11 16:02:02,BTCUSDT,ask,61400,522.578
2024-08-11 16:02:04,BTCUSDT,bid,59800,530.637
2024-08-11 16:02:04,BTCUSDT,ask,61400,520.346
2024-08-11 16:02:10,BTCUSDT,ask,61400,520.348
2024-08-11 16:02:22,BTCUSDT,bid,59800,530.648
2024-08-11 16:02:45,BTCUSDT,ask,61400,520.358
2024-08-11 16:02:57,BTCUSDT,ask,61400,520.125
2024-08-11 16:03:41,BTCUSDT,bid,59800,530.636
2024-08-11 16:03:56,BTCUSDT,ask,61400,520.22
