1726619286006,BTCUSDT,bid,47000,846.988
1726620962568,BTCUSDT,bid,52900,800.0
1726621513223,BTCUSDT,bid,47000,846.924
1726631079900,BTCUSDT,ask,60800,1030.779
1726631080508,BTCUSDT,ask,60800,1030.751
1726631082551,BTCUSDT,ask,60800,1030.747
1726631082857,BTCUSDT,ask,60800,1030.745
1726631086542,BTCUSDT,ask,60800,1030.72
1726631092817,BTCUSDT,ask,60800,1030.545
1726631096794,BTCUSDT,ask,60800,1030.725
1726631099881,BTCUSDT,ask,60800,1030.561
1726631174642,BTCUSDT,ask,60700,1000.848
1726631175460,BTCUSDT,ask,60700,1000.917
1726631175560,BTCUSDT,ask,60700,1000.952
1726631175971,BTCUSDT,ask,60700,1001.082
1726631231222,BTCUSDT,ask,60600,1000.11
1726631234804,BTCUSDT,ask,60600,1000.68
1726631373013,BTCUSDT,bid,47000,846.861
1726631524245,BTCUSDT,ask,60500,1000.314
1726631524548,BTCUSDT,ask,60500,1000.324
1726631524651,BTCUSDT,ask,60500,1000.334
1726631525059,BTCUSDT,ask,60500,1000.342
1726631527308,BTCUSDT,ask,60500,1000.344
1726631528676,BTCUSDT,ask,60500,1000.342
1726631529089,BTCUSDT,ask,60500,1000.344
1726631531759,BTCUSDT,ask,60500,1000.342
1726631532906,BTCUSDT,ask,60500,1000.35
1726631535599,BTCUSDT,ask,60500,1000.366
1726631559022,BTCUSDT,ask,60600,1000.351
1726631562138,BTCUSDT,ask,60600,1000.351
1726631608674,BTCUSDT,ask,60600,1002.425
1726631614416,BTCUSDT,ask,60600,1002.408
1726631614919,BTCUSDT,ask,60600,1001.626
1726631618333,BTCUSDT,ask,60500,1000.081
1726631619040,BTCUSDT,ask,60500,1003.071
1726631619140,BTCUSDT,ask,60500,1000.081
1726631620068,BTCUSDT,ask,60500,1000.081
1726631621097,BTCUSDT,ask,60500,1000.081
1726631622015,BTCUSDT,ask,60500,1003.071
1726631622118,BTCUSDT,ask,60500,1000.081
1726631623043,BTCUSDT,ask,60500,1003.071
1726631623140,BTCUSDT,ask,60500,1000.081
1726631624075,BTCUSDT,ask,60500,1000.081
1726631625112,BTCUSDT,ask,60500,1000.081
1726631626033,BTCUSDT,ask,60500,1003.071
1726631626133,BTCUSDT,ask,60500,1000.081
1726631627055,BTCUSDT,ask,60500,1000.081
1726631628083,BTCUSDT,ask,60500,1000.081
1726631629104,BTCUSDT,ask,60500,1000.081
1726631630025,BTCUSDT,ask,60500,1003.071
1726631630133,BTCUSDT,ask,60500,1000.081
1726631631061,BTCUSDT,ask,60500,1003.071
1726631631161,BTCUSDT,ask,60500,1000.081
1726631633111,BTCUSDT,ask,60500,1000.034
1726632361046,BTCUSDT,ask,60400,1003.653
1726632361141,BTCUSDT,ask,60400,1000.663
1726632362081,BTCUSDT,ask,60400,1000.663
1726632363117,BTCUSDT,ask,60400,1000.663
1726632364054,BTCUSDT,ask,60400,1000.663
1726632364260,BTCUSDT,ask,60400,1000.411
1726632365090,BTCUSDT,ask,60400,1000.411
1726632366113,BTCUSDT,ask,60400,1000.411
1726632367037,BTCUSDT,ask,60400,1003.401
1726632367135,BTCUSDT,ask,60400,1000.411
1726632368075,BTCUSDT,ask,60400,1000.411
1726632369911,BTCUSDT,ask,60400,1000.492
1726632370016,BTCUSDT,ask,60400,1003.234
1726632370115,BTCUSDT,ask,60400,1000.244
1726632476564,BTCUSDT,ask,60400,1000.176
1726632476666,BTCUSDT,ask,60400,1000.276
1726632477074,BTCUSDT,ask,60400,1000.342
1726632477377,BTCUSDT,ask,60400,1000.352
1726632479836,BTCUSDT,ask,60400,1000.212
1726632480341,BTCUSDT,ask,60400,1000.258
1726632481058,BTCUSDT,ask,60400,1003.248
1726632481159,BTCUSDT,ask,60400,1000.258
1726632507430,BTCUSDT,ask,60500,1008.524
1726632519805,BTCUSDT,ask,60500,1009.447
1726632522410,BTCUSDT,ask,60500,1009.366
1726632523127,BTCUSDT,ask,60500,1009.771
1726632523232,BTCUSDT,ask,60500,1009.775
1726632523333,BTCUSDT,ask,60500,1009.771
1726632523538,BTCUSDT,ask,60500,1009.775
1726632523950,BTCUSDT,ask,60500,1009.771
1726632524871,BTCUSDT,ask,60500,1009.781
1726632527431,BTCUSDT,ask,60500,1009.771
1726632530426,BTCUSDT,ask,60500,1009.607
1726632533722,BTCUSDT,ask,60500,1009.612
1726632541217,BTCUSDT,ask,60500,1009.791
1726632542854,BTCUSDT,ask,60500,1009.612
1726633980749,BTCUSDT,ask,60500,1001.075
1726633980952,BTCUSDT,ask,60500,1001.075
1726633981256,BTCUSDT,ask,60500,1001.092
1726633981358,BTCUSDT,ask,60500,1000.415
1726633985235,BTCUSDT,ask,60500,1000.459
1726634063855,BTCUSDT,ask,60400,1000.698
1726634063954,BTCUSDT,ask,60400,1000.45
1726634068295,BTCUSDT,ask,60400,1000.458
1726634069109,BTCUSDT,ask,60400,1000.45
1726634069207,BTCUSDT,ask,60400,1000.455
1726634075273,BTCUSDT,ask,60400,1000.615
1726634075375,BTCUSDT,ask,60400,1000.6
1726634078369,BTCUSDT,ask,60400,1000.661
1726634087591,BTCUSDT,ask,60400,1000.669
1726634087795,BTCUSDT,ask,60400,1000.661
1726634095720,BTCUSDT,ask,60400,1000.663
1726634096641,BTCUSDT,ask,60400,1000.661
1726634096742,BTCUSDT,ask,60400,1000.331
1726634108064,BTCUSDT,ask,60400,1000.34
1726634112951,BTCUSDT,ask,60400,1000.171
1726634113052,BTCUSDT,ask,60400,1000.173
1726634113253,BTCUSDT,ask,60400,1000.171
1726634161731,BTCUSDT,bid,60400,603.627
1726634163469,BTCUSDT,bid,60400,603.602
1726634176356,BTCUSDT,bid,60400,603.606
1726634178205,BTCUSDT,bid,60400,603.591
1726634178309,BTCUSDT,bid,60400,603.887
1726634182673,BTCUSDT,bid,60400,603.883
1726634186722,BTCUSDT,bid,60400,603.947
1726634200961,BTCUSDT,ask,60500,1000.061
1726634203823,BTCUSDT,ask,60500,1000.11
1726634205490,BTCUSDT,ask,60500,1000.113
1726634205804,BTCUSDT,ask,60500,1000.079
1726634207147,BTCUSDT,ask,60500,1000.119
1726634207658,BTCUSDT,ask,60500,1000.079
1726634210855,BTCUSDT,ask,60500,1000.6
1726634211056,BTCUSDT,ask,60500,1000.62
1726634249804,BTCUSDT,ask,60500,1000.847
1726634256800,BTCUSDT,ask,60400,1001.508
1726634257103,BTCUSDT,ask,60400,1001.508
1726634257205,BTCUSDT,ask,60500,1001.002
1726634257820,BTCUSDT,ask,60400,1001.516
1726634258030,BTCUSDT,ask,60400,1004.506
1726634258127,BTCUSDT,ask,60400,1001.516
1726634258233,BTCUSDT,ask,60400,1001.518
1726634259072,BTCUSDT,ask,60400,1001.518
1726634260082,BTCUSDT,ask,60400,1001.518
1726634260602,BTCUSDT,ask,60400,1001.537
1726634261013,BTCUSDT,ask,60400,1004.527
1726634261114,BTCUSDT,ask,60400,1001.537
1726634262045,BTCUSDT,ask,60400,1004.527
1726634262144,BTCUSDT,ask,60400,1001.537
1726634263064,BTCUSDT,ask,60400,1001.537
1726634264096,BTCUSDT,ask,60400,1001.537
1726634265019,BTCUSDT,ask,60400,1004.527
1726634265116,BTCUSDT,ask,60400,1001.537
1726634266055,BTCUSDT,ask,60400,1001.537
1726634267092,BTCUSDT,ask,60400,1001.537
1726634268114,BTCUSDT,ask,60400,1001.537
1726634270105,BTCUSDT,ask,60400,1001.537
1726634271028,BTCUSDT,ask,60400,1004.527
1726634271118,BTCUSDT,ask,60400,1001.537
1726634272063,BTCUSDT,ask,60400,1001.537
1726634273091,BTCUSDT,ask,60400,1001.537
1726634274026,BTCUSDT,ask,60400,1002.744
1726634274125,BTCUSDT,ask,60400,1002.744
1726634275050,BTCUSDT,ask,60400,1005.734
1726634275151,BTCUSDT,ask,60400,1002.744
1726634276098,BTCUSDT,ask,60400,1002.744
1726634276404,BTCUSDT,ask,60500,1001.017
1726634277019,BTCUSDT,ask,60400,1005.734
1726634277114,BTCUSDT,ask,60400,1002.744
1726634278080,BTCUSDT,ask,60400,1002.744
1726634279110,BTCUSDT,ask,60400,1002.744
1726634280098,BTCUSDT,ask,60400,1002.744
1726634281030,BTCUSDT,ask,60400,1005.734
1726634281134,BTCUSDT,ask,60400,1002.744
1726634282059,BTCUSDT,ask,60400,1005.734
1726634282161,BTCUSDT,ask,60400,1002.744
1726634283091,BTCUSDT,ask,60400,1002.744
1726634284022,BTCUSDT,ask,60400,1005.734
1726634284122,BTCUSDT,ask,60400,1002.744
1726634285053,BTCUSDT,ask,60400,1005.739
1726634285154,BTCUSDT,ask,60400,1002.749
1726634286101,BTCUSDT,ask,60400,1002.749
1726634287115,BTCUSDT,ask,60400,1002.749
1726634288054,BTCUSDT,ask,60400,1005.739
1726634288154,BTCUSDT,ask,60400,1002.749
1726634289080,BTCUSDT,ask,60400,1002.749
1726634289578,BTCUSDT,ask,60400,1002.871
1726634290105,BTCUSDT,ask,60400,1002.871
1726634290519,BTCUSDT,ask,60400,1002.884
1726634291037,BTCUSDT,ask,60400,1005.874
1726634291135,BTCUSDT,ask,60400,1002.884
1726634292054,BTCUSDT,ask,60400,1005.874
1726634292162,BTCUSDT,ask,60400,1002.884
1726634293079,BTCUSDT,ask,60400,1002.884
1726634294114,BTCUSDT,ask,60400,1002.884
1726634295056,BTCUSDT,ask,60400,1005.874
1726634295154,BTCUSDT,ask,60400,1002.884
1726634295993,BTCUSDT,ask,60400,1002.879
1726634296094,BTCUSDT,ask,60400,1002.879
1726634296189,BTCUSDT,ask,60400,1002.889
1726634297019,BTCUSDT,ask,60400,1005.879
1726634297120,BTCUSDT,ask,60400,1002.889
1726634298055,BTCUSDT,ask,60400,1005.879
1726634298154,BTCUSDT,ask,60400,1002.889
1726634298578,BTCUSDT,ask,60500,1001.167
1726634299089,BTCUSDT,ask,60400,1002.929
1726634299810,BTCUSDT,ask,60400,1002.969
1726634300015,BTCUSDT,ask,60400,1005.959
1726634300114,BTCUSDT,ask,60400,1002.969
1726634300327,BTCUSDT,ask,60400,1002.929
1726634301051,BTCUSDT,ask,60400,1005.919
1726634301151,BTCUSDT,ask,60400,1002.929
1726634313145,BTCUSDT,bid,47000,846.851
1726634316114,BTCUSDT,ask,60400,1002.809
1726634317039,BTCUSDT,ask,60400,1005.793
1726634317140,BTCUSDT,ask,60400,1002.803
1726634318063,BTCUSDT,ask,60400,1005.793
1726634318164,BTCUSDT,ask,60400,1002.803
1726634319088,BTCUSDT,ask,60400,1002.803
1726634320116,BTCUSDT,ask,60400,1002.803
1726634321068,BTCUSDT,ask,60400,1005.793
1726634321164,BTCUSDT,ask,60400,1002.803
1726634322110,BTCUSDT,ask,60400,1002.803
1726634323057,BTCUSDT,ask,60400,1005.793
1726634323158,BTCUSDT,ask,60400,1002.803
1726634324107,BTCUSDT,ask,60400,1002.803
1726634325037,BTCUSDT,ask,60400,1005.793
1726634325135,BTCUSDT,ask,60400,1002.803
1726634326064,BTCUSDT,ask,60400,1002.803
1726634327103,BTCUSDT,ask,60400,1002.803
1726634328021,BTCUSDT,ask,60400,1005.793
1726634328122,BTCUSDT,ask,60400,1002.803
1726634329053,BTCUSDT,ask,60400,1005.793
1726634329152,BTCUSDT,ask,60400,1002.803
1726634331105,BTCUSDT,ask,60400,1002.803
1726634332126,BTCUSDT,ask,60400,1002.803
1726634333053,BTCUSDT,ask,60400,1005.793
1726634333154,BTCUSDT,ask,60400,1002.803
1726634333563,BTCUSDT,ask,60400,1002.805
1726634335103,BTCUSDT,ask,60400,1002.805
1726634336020,BTCUSDT,ask,60400,1005.795
1726634336122,BTCUSDT,ask,60400,1002.805
1726634337042,BTCUSDT,ask,60400,1005.795
1726634337145,BTCUSDT,ask,60400,1002.805
1726634338064,BTCUSDT,ask,60400,1002.803
1726634338476,BTCUSDT,ask,60400,1002.828
1726634339098,BTCUSDT,ask,60400,1002.828
1726634339503,BTCUSDT,ask,60400,1002.83
1726634341057,BTCUSDT,ask,60400,1002.83
1726634342100,BTCUSDT,ask,60400,1002.83
1726634343036,BTCUSDT,ask,60400,1005.82
1726634343148,BTCUSDT,ask,60400,1002.83
1726634343351,BTCUSDT,ask,60400,1002.833
1726634343975,BTCUSDT,ask,60400,1002.843
1726634344076,BTCUSDT,ask,60400,1002.843
1726634344388,BTCUSDT,ask,60400,2002.843
1726634345094,BTCUSDT,ask,60400,2002.843
1726634348117,BTCUSDT,ask,60400,2002.84
1726634349059,BTCUSDT,ask,60400,2005.83
1726634349159,BTCUSDT,ask,60400,2002.84
1726634350091,BTCUSDT,ask,60400,2002.84
1726635001759,BTCUSDT,ask,60400,1044.75
1726635002780,BTCUSDT,ask,60400,1044.753
1726635006059,BTCUSDT,ask,60400,1044.87
1726635015487,BTCUSDT,ask,60400,1045.024
1726635027149,BTCUSDT,ask,60400,1045.034
1726635033406,BTCUSDT,ask,60400,1045.256
1726635039786,BTCUSDT,ask,60400,1045.139
1726635050115,BTCUSDT,ask,60400,1036.998
1726635051742,BTCUSDT,ask,60400,1036.983
1726635248037,BTCUSDT,bid,52900,800.04
1726637756181,BTCUSDT,ask,60400,1003.438
1726637759314,BTCUSDT,ask,60300,1000.539
1726637759918,BTCUSDT,ask,60300,1002.196
1726637771949,BTCUSDT,ask,60300,900.397
1726637780906,BTCUSDT,ask,60400,1003.372
1726637790529,BTCUSDT,ask,60300,900.409
1726637797609,BTCUSDT,ask,60300,900.222
1726637804202,BTCUSDT,ask,60300,900.24
1726637806883,BTCUSDT,ask,60300,1000.503
1726637813989,BTCUSDT,ask,60300,900.242
1726637815743,BTCUSDT,ask,60300,900.24
1726637820157,BTCUSDT,ask,60400,1003.388
1726637826116,BTCUSDT,ask,60300,1000.473
1726637826116,BTCUSDT,ask,60400,1003.358
1726637831263,BTCUSDT,ask,60400,1002.676
1726637835812,BTCUSDT,ask,60300,1000.399
1726637838604,BTCUSDT,ask,60300,900.328
1726637840471,BTCUSDT,bid,47000,846.81
1726637843081,BTCUSDT,ask,60400,1002.686
1726639080217,BTCUSDT,ask,60300,1002.57
1726639082473,BTCUSDT,ask,60300,1002.566
1726639092550,BTCUSDT,ask,60300,1002.563
1726639094005,BTCUSDT,ask,60300,1002.58
1726639096275,BTCUSDT,ask,60200,1000.619
1726639096780,BTCUSDT,ask,60300,1002.551
1726639097084,BTCUSDT,ask,60200,1000.301
1726639099119,BTCUSDT,ask,60200,1000.301
1726639100040,BTCUSDT,ask,60200,1003.291
1726639100142,BTCUSDT,ask,60200,1000.301
1726639101066,BTCUSDT,ask,60200,1000.301
1726639955480,BTCUSDT,bid,47000,846.766
1726645662552,BTCUSDT,bid,47000,846.724
1726645732748,BTCUSDT,bid,47000,846.727
1726646044655,BTCUSDT,bid,47000,850.727
1726646858347,BTCUSDT,ask,60300,1001.606
1726646874039,BTCUSDT,ask,60200,1000.61
1726646874752,BTCUSDT,ask,60200,1000.722
1726646875067,BTCUSDT,ask,60200,1000.724
1726647104403,BTCUSDT,ask,60200,1000.33
1726647104505,BTCUSDT,ask,60200,1000.413
1726647106249,BTCUSDT,ask,60200,1000.33
1726647109226,BTCUSDT,ask,60200,1000.013
1726647110468,BTCUSDT,ask,60200,1000.336
1726647111081,BTCUSDT,ask,60200,1000.339
1726647113757,BTCUSDT,ask,60200,1000.334
1726647114166,BTCUSDT,ask,60200,1000.336
1726647114268,BTCUSDT,ask,60200,1000.013
1726647116208,BTCUSDT,ask,60200,1000.139
1726647116309,BTCUSDT,ask,60200,1000.151
1726647116513,BTCUSDT,ask,60200,1000.773
1726647116820,BTCUSDT,ask,60200,1000.763
1726647118799,BTCUSDT,ask,60200,1001.26
1726647118903,BTCUSDT,ask,60200,1000.017
1726647119107,BTCUSDT,ask,60200,1000.638
1726647119312,BTCUSDT,ask,60200,1001.223
1726647119827,BTCUSDT,ask,60200,1000.638
1726647120338,BTCUSDT,ask,60200,1000.02
1726647120439,BTCUSDT,ask,60200,1000.64
1726647120439,BTCUSDT,ask,60200,1000.017
1726647120954,BTCUSDT,ask,60200,1000.64
1726647121365,BTCUSDT,ask,60200,1000.677
1726647122307,BTCUSDT,ask,60200,1000.677
1726647122406,BTCUSDT,ask,60200,1000.677
1726647123136,BTCUSDT,ask,60200,1001.274
1726647123344,BTCUSDT,ask,60200,1001.274
1726647123445,BTCUSDT,ask,60200,1001.274
1726647124376,BTCUSDT,ask,60200,1001.276
1726647125088,BTCUSDT,ask,60200,1005.454
1726647125595,BTCUSDT,ask,60200,1005.479
1726647126100,BTCUSDT,ask,60200,1000.82
1726647127114,BTCUSDT,ask,60200,1000.82
1726647547039,BTCUSDT,ask,60200,1004.011
1726647551044,BTCUSDT,ask,60200,1000.344
1726647554888,BTCUSDT,ask,60200,1000.382
1726647555924,BTCUSDT,ask,60200,1000.344
1726648937198,BTCUSDT,ask,60200,1034.457
1726648950713,BTCUSDT,ask,60100,1000.075
1726648950819,BTCUSDT,ask,60100,1000.375
1726648951634,BTCUSDT,ask,60100,1000.075
1726648952576,BTCUSDT,ask,60200,1034.291
1726648954654,BTCUSDT,ask,60200,1034.228
1726648956514,BTCUSDT,ask,60100,1000.083
1726648957035,BTCUSDT,ask,60100,1000.075
1726649359368,BTCUSDT,ask,60100,1003.126
1726649359675,BTCUSDT,ask,60100,1003.265
1726649359978,BTCUSDT,ask,60100,1000.43
1726649360496,BTCUSDT,ask,60100,1000.09
1726649365730,BTCUSDT,ask,60100,1000.338
1726649365828,BTCUSDT,ask,60100,1000.09
1726649366139,BTCUSDT,ask,60100,1000.93
1726649366241,BTCUSDT,ask,60100,1001.42
1726649367059,BTCUSDT,ask,60100,1001.42
1726649368094,BTCUSDT,ask,60100,1000.93
1726649368297,BTCUSDT,ask,60100,1000.078
1726649369124,BTCUSDT,ask,60100,1000.93
1726649370054,BTCUSDT,ask,60100,1003.92
1726649370153,BTCUSDT,ask,60100,1000.93
1726649371098,BTCUSDT,ask,60100,1000.93
1726649372125,BTCUSDT,ask,60100,1000.93
1726649372654,BTCUSDT,ask,60100,1001.514
1726649372868,BTCUSDT,ask,60100,1000.93
1726649373071,BTCUSDT,ask,60100,1000.93
1726649374103,BTCUSDT,ask,60100,1000.93
1726649374723,BTCUSDT,ask,60100,1000.062
1726649374827,BTCUSDT,ask,60100,1000.032
1726649375028,BTCUSDT,ask,60100,1003.92
1726649375842,BTCUSDT,ask,60100,1006.306
1726649376049,BTCUSDT,ask,60100,1003.17
1726649376150,BTCUSDT,ask,60100,1000.18
1726649376758,BTCUSDT,ask,60100,1005.516
1726649376860,BTCUSDT,ask,60100,1000.024
1726649376962,BTCUSDT,ask,60100,1000.107
1726649377059,BTCUSDT,ask,60100,1000.18
1726649377059,BTCUSDT,ask,60100,1000.148
1726650461911,BTCUSDT,bid,47000,850.757
1726651359064,BTCUSDT,ask,60000,1001.643
1726651359777,BTCUSDT,ask,60000,1001.657
1726651360102,BTCUSDT,ask,60000,1001.657
1726651361731,BTCUSDT,ask,60000,1001.639
1726651362035,BTCUSDT,ask,60000,1001.619
1726651525806,BTCUSDT,ask,60000,1000.892
1726651529404,BTCUSDT,ask,60000,1000.894
1726651534066,BTCUSDT,ask,60000,2000.874
1726651537886,BTCUSDT,ask,60000,2000.898
1726651541394,BTCUSDT,ask,60000,2000.914
1726651546013,BTCUSDT,ask,60000,1006.215
1726651546113,BTCUSDT,ask,60000,1003.225
1726651547045,BTCUSDT,ask,60000,1006.215
1726651547154,BTCUSDT,ask,60000,1003.225
1726651547866,BTCUSDT,ask,60000,1002.44
1726651548071,BTCUSDT,ask,60000,1002.44
1726651548492,BTCUSDT,ask,60000,1003.24
1726651548592,BTCUSDT,ask,60000,1003.248
1726651548701,BTCUSDT,ask,60000,1003.24
1726651548803,BTCUSDT,ask,60000,1002.9
1726651549105,BTCUSDT,ask,60000,1002.9
1726651549207,BTCUSDT,ask,60000,1002.44
1726651550036,BTCUSDT,ask,60000,1005.43
1726651550140,BTCUSDT,ask,60000,1002.44
1726652125967,BTCUSDT,ask,59800,1001.437
1726652126170,BTCUSDT,ask,59800,1001.437
1726652126579,BTCUSDT,ask,59800,1001.417
1726652127913,BTCUSDT,ask,59800,1001.232
1726652289668,BTCUSDT,bid,47000,850.763
1726652851633,BTCUSDT,bid,52900,800.0
1726652977484,BTCUSDT,bid,52900,800.145
1726652989184,BTCUSDT,bid,52900,800.245
1726652997080,BTCUSDT,bid,52900,800.145
1726653020398,BTCUSDT,bid,52900,800.185
1726653026654,BTCUSDT,bid,47000,850.785
1726653037002,BTCUSDT,bid,52900,800.04
1726653521005,BTCUSDT,bid,47300,803.33
1726654358185,BTCUSDT,bid,47000,851.636
1726654485208,BTCUSDT,bid,47000,851.424
1726658246254,BTCUSDT,bid,47000,852.048
1726617651242,BTCUSD_PERP,bid,59800,530.05
1726617651342,BTCUSD_PERP,bid,59800,589.28
1726617754105,BTCUSD_PERP,bid,59700,530.6
1726617816869,BTCUSD_PERP,bid,59800,589.5
1726617816968,BTCUSD_PERP,bid,59800,707.3
1726617817080,BTCUSD_PERP,bid,59800,765.9
1726617817278,BTCUSD_PERP,bid,59800,825.1
1726617933198,BTCUSD_PERP,bid,59700,588.38
1726617933294,BTCUSD_PERP,bid,59700,706.56
1726617933396,BTCUSD_PERP,bid,59700,765.7
1726618059836,BTCUSD_PERP,bid,59700,707.16
1726618059936,BTCUSD_PERP,bid,59700,529.47
1726618060037,BTCUSD_PERP,bid,59700,647.69
1726618060139,BTCUSD_PERP,bid,59700,706.8
1726618079564,BTCUSD_PERP,bid,59700,647.69
1726618079669,BTCUSD_PERP,bid,59600,529.81
1726618079771,BTCUSD_PERP,bid,59600,647.36
1726618079874,BTCUSD_PERP,bid,59600,706.58
1726618110457,BTCUSD_PERP,bid,59600,706.75
1726618229801,BTCUSD_PERP,bid,59600,529.66
1726618341030,BTCUSD_PERP,bid,59600,529.79
1726618341232,BTCUSD_PERP,bid,59600,588.26
1726618430801,BTCUSD_PERP,bid,59600,528.88
1726618431006,BTCUSD_PERP,bid,59600,646.36
1726618431107,BTCUSD_PERP,bid,59600,705.4
1726618583818,BTCUSD_PERP,bid,59600,646.36
1726618584850,BTCUSD_PERP,bid,59600,529.29
1726618670301,BTCUSD_PERP,bid,59600,587.7
1726618682516,BTCUSD_PERP,bid,59600,528.69
1726618682616,BTCUSD_PERP,bid,59500,646.38
1726618682823,BTCUSD_PERP,bid,59500,704.76
1726618693718,BTCUSD_PERP,bid,59500,704.9
1726618713267,BTCUSD_PERP,bid,59500,646.16
1726618785590,BTCUSD_PERP,bid,59500,528.26
1726618787458,BTCUSD_PERP,bid,59500,527.77
1726618787661,BTCUSD_PERP,bid,59500,645.75
1726618828719,BTCUSD_PERP,bid,59500,587.37
1726618829947,BTCUSD_PERP,bid,59500,585.86
1726618830247,BTCUSD_PERP,bid,59500,644.82
1726618830354,BTCUSD_PERP,bid,59500,703.78
1726618884263,BTCUSD_PERP,bid,59500,645.02
1726619051678,BTCUSD_PERP,bid,59500,646.35
1726619051777,BTCUSD_PERP,bid,59500,939.91
1726619145132,BTCUSD_PERP,bid,59500,706.0
1726619145230,BTCUSD_PERP,bid,59500,647.05
1726619145333,BTCUSD_PERP,bid,59500,588.1
1726619145432,BTCUSD_PERP,bid,59500,529.15
1726619146234,BTCUSD_PERP,bid,59500,528.42
1726619146443,BTCUSD_PERP,bid,59500,587.4
1726619148493,BTCUSD_PERP,bid,59500,588.88
1726619164765,BTCUSD_PERP,bid,59600,529.25
1726619268882,BTCUSD_PERP,bid,59500,587.4
1726619398305,BTCUSD_PERP,bid,59500,528.98
1726619398408,BTCUSD_PERP,bid,59500,587.97
1726619417037,BTCUSD_PERP,bid,59500,528.98
1726619417037,BTCUSD_PERP,bid,59500,528.42
1726619417344,BTCUSD_PERP,bid,59500,821.69
1726619417550,BTCUSD_PERP,bid,59500,880.65
1726619421259,BTCUSD_PERP,bid,59400,513.97
1726619421259,BTCUSD_PERP,bid,59500,998.54
1726619421563,BTCUSD_PERP,bid,59400,572.79
1726619421563,BTCUSD_PERP,bid,59500,1057.46
1726619489123,BTCUSD_PERP,bid,59400,573.04
1726619519059,BTCUSD_PERP,bid,59500,764.67
1726619519156,BTCUSD_PERP,bid,59400,1011.39
1726619519260,BTCUSD_PERP,bid,59400,1070.27
1726619519359,BTCUSD_PERP,bid,59400,514.18
1726619519359,BTCUSD_PERP,bid,59400,1129.15
1726619522973,BTCUSD_PERP,bid,59400,1011.39
1726619523178,BTCUSD_PERP,bid,59400,893.63
1726619523383,BTCUSD_PERP,bid,59400,775.87
1726619523478,BTCUSD_PERP,bid,59400,717.59
1726619523684,BTCUSD_PERP,bid,59400,601.03
1726619524410,BTCUSD_PERP,bid,59500,527.7
1726619524721,BTCUSD_PERP,bid,59500,586.61
1726619524904,BTCUSD_PERP,bid,59500,703.84
1726619593436,BTCUSD_PERP,bid,59500,586.12
1726619593535,BTCUSD_PERP,bid,59400,703.47
1726619593642,BTCUSD_PERP,bid,59400,821.23
1726619593737,BTCUSD_PERP,bid,59400,880.11
1726619752204,BTCUSD_PERP,bid,59400,704.07
1726619752320,BTCUSD_PERP,bid,59400,702.98
1726619752421,BTCUSD_PERP,bid,59400,761.81
1726619752622,BTCUSD_PERP,bid,59300,513.89
1726619867619,BTCUSD_PERP,bid,59400,528.1
1726619878512,BTCUSD_PERP,bid,59300,512.77
1726619878614,BTCUSD_PERP,bid,59300,702.97
1726619878708,BTCUSD_PERP,bid,59300,571.45
1726619878708,BTCUSD_PERP,bid,59300,761.75
1726619883008,BTCUSD_PERP,bid,59300,644.19
1726619883217,BTCUSD_PERP,bid,59300,513.16
1726619883217,BTCUSD_PERP,bid,59300,586.01
1726619883747,BTCUSD_PERP,bid,59400,528.1
1726619883844,BTCUSD_PERP,bid,59400,586.31
1726619884152,BTCUSD_PERP,bid,59400,645.12
1726619884356,BTCUSD_PERP,bid,59400,703.33
1726619884459,BTCUSD_PERP,bid,59400,762.14
1726619884761,BTCUSD_PERP,bid,59400,820.95
1726619971455,BTCUSD_PERP,bid,59400,644.52
1726619971661,BTCUSD_PERP,bid,59400,526.9
1726619972369,BTCUSD_PERP,bid,59400,528.32
1726619972473,BTCUSD_PERP,bid,59400,586.56
1726619972675,BTCUSD_PERP,bid,59400,645.41
1726619972779,BTCUSD_PERP,bid,59400,763.11
1726619972881,BTCUSD_PERP,bid,59400,938.45
1726619972980,BTCUSD_PERP,bid,59400,996.7
1726619973288,BTCUSD_PERP,bid,59400,1055.55
1726619973385,BTCUSD_PERP,bid,59300,513.27
1726619979027,BTCUSD_PERP,bid,59400,704.39
1726619979137,BTCUSD_PERP,bid,59400,645.54
1726619979340,BTCUSD_PERP,bid,59400,527.41
1726619979443,BTCUSD_PERP,bid,59400,703.45
1726619979546,BTCUSD_PERP,bid,59400,761.72
1726619979651,BTCUSD_PERP,bid,59400,820.0
1726620024884,BTCUSD_PERP,bid,59400,820.79
1726620024983,BTCUSD_PERP,bid,59400,937.88
1726620100557,BTCUSD_PERP,bid,59400,879.03
1726620100862,BTCUSD_PERP,bid,59400,820.28
1726620101062,BTCUSD_PERP,bid,59400,702.58
1726620101264,BTCUSD_PERP,bid,59400,643.73
1726620101368,BTCUSD_PERP,bid,59400,585.49
1726620101568,BTCUSD_PERP,bid,59400,586.9
1726620101675,BTCUSD_PERP,bid,59400,645.19
1726620121808,BTCUSD_PERP,bid,59500,528.41
1726620122315,BTCUSD_PERP,bid,59400,527.53
1726620123022,BTCUSD_PERP,bid,59500,528.9
1726620123126,BTCUSD_PERP,bid,59500,587.21
1726620123229,BTCUSD_PERP,bid,59500,703.84
1726620259219,BTCUSD_PERP,bid,59500,644.93
1726620259618,BTCUSD_PERP,bid,59500,586.62
1726620260230,BTCUSD_PERP,bid,59500,528.67
1726620260332,BTCUSD_PERP,bid,59500,587.01
1726620260637,BTCUSD_PERP,bid,59500,645.36
1726620260737,BTCUSD_PERP,bid,59500,703.71
1726620260945,BTCUSD_PERP,bid,59500,821.59
1726620261146,BTCUSD_PERP,bid,59500,938.88
1726620261249,BTCUSD_PERP,bid,59500,1115.6
1726620261348,BTCUSD_PERP,bid,59400,514.16
1726620261348,BTCUSD_PERP,bid,59500,1173.94
1726620288524,BTCUSD_PERP,bid,59500,1056.65
1726620288625,BTCUSD_PERP,bid,59500,998.31
1726620288930,BTCUSD_PERP,bid,59500,880.43
1726620289028,BTCUSD_PERP,bid,59500,763.24
1726620289131,BTCUSD_PERP,bid,59500,704.3
1726620289527,BTCUSD_PERP,bid,59500,645.36
1726620289642,BTCUSD_PERP,bid,59500,528.08
1726620289840,BTCUSD_PERP,bid,59500,588.5
1726620289953,BTCUSD_PERP,bid,59500,705.86
1726620302470,BTCUSD_PERP,bid,59500,646.88
1726620302570,BTCUSD_PERP,bid,59500,588.5
1726620302672,BTCUSD_PERP,bid,59500,530.12
1726620302978,BTCUSD_PERP,bid,59600,528.11
1726620303287,BTCUSD_PERP,bid,59600,587.12
1726620303388,BTCUSD_PERP,bid,59600,645.54
1726620303495,BTCUSD_PERP,bid,59600,762.37
1726620303595,BTCUSD_PERP,bid,59600,776.53
1726620303694,BTCUSD_PERP,bid,59600,835.54
1726620303905,BTCUSD_PERP,bid,59600,894.55
1726620304105,BTCUSD_PERP,bid,59500,516.72
1726620304105,BTCUSD_PERP,bid,59600,955.58
1726620304211,BTCUSD_PERP,bid,59600,1073.6
1726620304522,BTCUSD_PERP,bid,59600,1132.61
1726620304623,BTCUSD_PERP,bid,59500,575.63
1726620315502,BTCUSD_PERP,bid,59600,1073.6
1726620315606,BTCUSD_PERP,bid,59500,517.11
1726620315606,BTCUSD_PERP,bid,59600,956.18
1726620315810,BTCUSD_PERP,bid,59600,897.77
1726620315912,BTCUSD_PERP,bid,59600,780.35
1726620316013,BTCUSD_PERP,bid,59600,721.34
1726620316121,BTCUSD_PERP,bid,59600,662.33
1726620316222,BTCUSD_PERP,bid,59600,529.65
1726620316321,BTCUSD_PERP,bid,59600,603.91
1726620316420,BTCUSD_PERP,bid,59600,705.0
1726620316624,BTCUSD_PERP,bid,59600,764.05
1726620316824,BTCUSD_PERP,bid,59600,882.15
1726620316925,BTCUSD_PERP,bid,59600,941.1
1726620317131,BTCUSD_PERP,bid,59500,574.05
1726620317229,BTCUSD_PERP,bid,59600,1000.15
1726620317435,BTCUSD_PERP,bid,59600,1117.65
1726620327523,BTCUSD_PERP,bid,59500,515.07
1726620329272,BTCUSD_PERP,bid,59600,1058.6
1726620329371,BTCUSD_PERP,bid,59600,941.1
1726620329574,BTCUSD_PERP,bid,59600,882.05
1726620329683,BTCUSD_PERP,bid,59600,764.65
1726620329888,BTCUSD_PERP,bid,59600,705.6
1726620330197,BTCUSD_PERP,bid,59600,646.55
1726620330293,BTCUSD_PERP,bid,59600,588.1
1726620385734,BTCUSD_PERP,bid,59700,529.76
1726620385831,BTCUSD_PERP,bid,59700,588.89
1726620412360,BTCUSD_PERP,bid,59700,529.76
1726620414221,BTCUSD_PERP,bid,59700,588.59
1726621022979,BTCUSD_PERP,bid,59700,530.72
1726621023298,BTCUSD_PERP,bid,59700,589.29
1726621023397,BTCUSD_PERP,bid,59700,648.36
1726621142817,BTCUSD_PERP,bid,59700,589.79
1726621143017,BTCUSD_PERP,bid,59700,530.34
1726621143124,BTCUSD_PERP,bid,59700,589.48
1726621325705,BTCUSD_PERP,bid,59700,530.01
1726621325909,BTCUSD_PERP,bid,59700,589.11
1726621342572,BTCUSD_PERP,bid,59700,530.11
1726621476716,BTCUSD_PERP,ask,60800,498.97
1726621482619,BTCUSD_PERP,ask,60800,505.04
1726621628268,BTCUSD_PERP,bid,59600,529.45
1726621628370,BTCUSD_PERP,bid,59600,705.97
1726621676538,BTCUSD_PERP,bid,59600,646.93
1726621676627,BTCUSD_PERP,bid,59600,587.89
1726621677587,BTCUSD_PERP,bid,59600,588.8
1726621677699,BTCUSD_PERP,bid,59600,705.75
1726621677803,BTCUSD_PERP,bid,59600,764.82
1726621677906,BTCUSD_PERP,bid,59600,823.89
1726621677992,BTCUSD_PERP,bid,59600,882.96
1726621678113,BTCUSD_PERP,bid,59600,515.86
1726621678113,BTCUSD_PERP,bid,59600,883.1
1726621736832,BTCUSD_PERP,bid,59600,824.03
1726621737151,BTCUSD_PERP,bid,59600,706.49
1726621737261,BTCUSD_PERP,bid,59600,588.35
1726621737478,BTCUSD_PERP,bid,59600,529.28
1726621738104,BTCUSD_PERP,bid,59700,589.71
1726621738207,BTCUSD_PERP,bid,59700,648.81
1726621738309,BTCUSD_PERP,bid,59700,707.32
1726621738405,BTCUSD_PERP,bid,59700,766.42
1726621738528,BTCUSD_PERP,bid,59700,824.93
1726621738744,BTCUSD_PERP,bid,59600,516.16
1726621738744,BTCUSD_PERP,bid,59700,883.43
1726621749967,BTCUSD_PERP,bid,59700,824.33
1726621750079,BTCUSD_PERP,bid,59700,765.23
1726621750186,BTCUSD_PERP,bid,59700,706.13
1726621750282,BTCUSD_PERP,bid,59700,647.63
1726621750388,BTCUSD_PERP,bid,59700,530.02
1726621750995,BTCUSD_PERP,bid,59700,545.2
1726621751098,BTCUSD_PERP,bid,59700,663.5
1726621751399,BTCUSD_PERP,bid,59700,722.05
1726621751603,BTCUSD_PERP,bid,59700,780.6
1726621751701,BTCUSD_PERP,bid,59600,516.52
1726621751808,BTCUSD_PERP,bid,59700,898.28
1726621758512,BTCUSD_PERP,bid,59700,839.13
1726621758615,BTCUSD_PERP,bid,59700,779.98
1726621758820,BTCUSD_PERP,bid,59700,662.9
1726621758919,BTCUSD_PERP,bid,59700,544.6
1726621759524,BTCUSD_PERP,bid,59700,531.31
1726621759726,BTCUSD_PERP,bid,59700,590.49
1726621759828,BTCUSD_PERP,bid,59700,649.67
1726621760029,BTCUSD_PERP,bid,59700,708.25
1726621760134,BTCUSD_PERP,bid,59700,516.8
1726621760234,BTCUSD_PERP,bid,59700,826.01
1726621760336,BTCUSD_PERP,bid,59700,884.58
1726621763992,BTCUSD_PERP,bid,59700,825.4
1726621764095,BTCUSD_PERP,bid,59700,766.82
1726621764197,BTCUSD_PERP,bid,59700,707.64
1726621764303,BTCUSD_PERP,bid,59700,648.46
1726621764608,BTCUSD_PERP,bid,59700,531.31
1726621766237,BTCUSD_PERP,bid,59800,531.59
1726621899046,BTCUSD_PERP,bid,59700,531.03
1726622025978,BTCUSD_PERP,bid,59600,533.56
1726622046698,BTCUSD_PERP,bid,59500,586.88
1726622046800,BTCUSD_PERP,bid,59500,763.27
1726622046900,BTCUSD_PERP,bid,59500,515.17
1726622046900,BTCUSD_PERP,bid,59500,822.27
1726622053341,BTCUSD_PERP,bid,59500,821.84
1726622053539,BTCUSD_PERP,bid,59500,880.21
1726622053644,BTCUSD_PERP,bid,59500,518.24
1726622053644,BTCUSD_PERP,bid,59500,939.18
1726622118659,BTCUSD_PERP,bid,59500,646.14
1726622118763,BTCUSD_PERP,bid,59500,645.21
1726622118856,BTCUSD_PERP,bid,59500,703.54
1726622216192,BTCUSD_PERP,bid,59500,820.93
1726622216297,BTCUSD_PERP,bid,59400,517.53
1726622216399,BTCUSD_PERP,bid,59500,879.83
1726622233624,BTCUSD_PERP,bid,59500,762.03
1726622233921,BTCUSD_PERP,bid,59500,644.83
1726622234636,BTCUSD_PERP,bid,59500,585.93
1726622234735,BTCUSD_PERP,bid,59500,527.63
1726622312549,BTCUSD_PERP,bid,59600,529.89
1726622312658,BTCUSD_PERP,bid,59600,705.62
1726622312857,BTCUSD_PERP,bid,59600,764.63
1726622313062,BTCUSD_PERP,bid,59600,823.64
1726622357334,BTCUSD_PERP,bid,59600,647.21
1726622357437,BTCUSD_PERP,bid,59600,588.8
1726622357541,BTCUSD_PERP,bid,59600,529.89
1726622358045,BTCUSD_PERP,bid,59600,530.19
1726622358146,BTCUSD_PERP,bid,59600,588.63
1726622358656,BTCUSD_PERP,bid,59600,647.67
1726622358948,BTCUSD_PERP,bid,59600,649.79
1726622359056,BTCUSD_PERP,bid,59600,884.75
1726622408926,BTCUSD_PERP,bid,59600,708.93
1726622409027,BTCUSD_PERP,bid,59600,590.85
1726622409126,BTCUSD_PERP,bid,59600,531.81
1726622410852,BTCUSD_PERP,bid,59600,515.3
1726622538505,BTCUSD_PERP,bid,59500,514.77
1726622538505,BTCUSD_PERP,bid,59600,586.98
1726622538614,BTCUSD_PERP,bid,59600,645.99
1726622603609,BTCUSD_PERP,bid,59600,647.18
1726622671442,BTCUSD_PERP,bid,59600,588.17
1726622847069,BTCUSD_PERP,bid,59700,544.57
1726622847276,BTCUSD_PERP,bid,59700,603.69
1726622854045,BTCUSD_PERP,bid,59700,530.53
1726622863071,BTCUSD_PERP,bid,59700,530.27
1726623021376,BTCUSD_PERP,bid,59700,531.14
1726623035001,BTCUSD_PERP,bid,59700,589.68
1726623041546,BTCUSD_PERP,bid,59700,531.14
1726623074579,BTCUSD_PERP,bid,59700,588.78
1726623074683,BTCUSD_PERP,bid,59700,647.9
1726623128939,BTCUSD_PERP,bid,59600,588.42
1726623129045,BTCUSD_PERP,bid,59600,647.5
1726623151338,BTCUSD_PERP,bid,59600,588.42
1726623151639,BTCUSD_PERP,bid,59600,529.93
1726623152571,BTCUSD_PERP,bid,59600,529.66
1726623155396,BTCUSD_PERP,bid,59600,529.8
1726623183685,BTCUSD_PERP,bid,59600,588.49
1726623183891,BTCUSD_PERP,bid,59600,647.58
1726623183993,BTCUSD_PERP,bid,59600,824.14
1726623184197,BTCUSD_PERP,bid,59600,883.23
1726623184398,BTCUSD_PERP,bid,59600,942.32
1726623184694,BTCUSD_PERP,bid,59600,515.43
1726623184694,BTCUSD_PERP,bid,59600,1000.81
1726623184800,BTCUSD_PERP,bid,59600,574.46
1726623375399,BTCUSD_PERP,bid,59600,648.69
1726623375496,BTCUSD_PERP,bid,59600,589.6
1726623376320,BTCUSD_PERP,bid,59700,589.3
1726623376421,BTCUSD_PERP,bid,59700,648.42
1726623376627,BTCUSD_PERP,bid,59700,706.94
1726623376726,BTCUSD_PERP,bid,59700,825.18
1726623395747,BTCUSD_PERP,bid,59600,764.47
1726623395854,BTCUSD_PERP,bid,59600,515.46
1726623395854,BTCUSD_PERP,bid,59600,1059.32
1726623395957,BTCUSD_PERP,bid,59600,574.44
1726623395957,BTCUSD_PERP,bid,59600,1118.41
1726623416582,BTCUSD_PERP,bid,59600,824.16
1726623416684,BTCUSD_PERP,bid,59600,881.48
1726623416782,BTCUSD_PERP,bid,59600,940.53
1726623416880,BTCUSD_PERP,bid,59600,999.58
1726623431565,BTCUSD_PERP,bid,59600,645.87
1726623431665,BTCUSD_PERP,bid,59600,822.07
1726623496319,BTCUSD_PERP,bid,59600,763.65
1726623496422,BTCUSD_PERP,bid,59600,704.63
1726623496833,BTCUSD_PERP,bid,59600,645.61
1726623497358,BTCUSD_PERP,bid,59600,528.17
1726623497752,BTCUSD_PERP,bid,59600,647.17
1726623497820,BTCUSD_PERP,bid,59600,705.63
1726623611542,BTCUSD_PERP,bid,59600,646.81
1726623611641,BTCUSD_PERP,bid,59600,940.76
1726623611741,BTCUSD_PERP,bid,59500,514.93
1726623611741,BTCUSD_PERP,bid,59600,999.79
1726623798605,BTCUSD_PERP,bid,59600,882.33
1726623798705,BTCUSD_PERP,bid,59600,823.3
1726623798907,BTCUSD_PERP,bid,59600,706.44
1726623799009,BTCUSD_PERP,bid,59600,648.01
1726623799131,BTCUSD_PERP,bid,59600,588.98
1726623799339,BTCUSD_PERP,bid,59600,530.05
1726623799769,BTCUSD_PERP,bid,59600,529.12
1726623799976,BTCUSD_PERP,bid,59600,706.33
1726623800204,BTCUSD_PERP,bid,59600,764.79
1726623800304,BTCUSD_PERP,bid,59600,823.86
1726623800509,BTCUSD_PERP,bid,59600,882.93
1726623819284,BTCUSD_PERP,bid,59600,705.72
1726623819386,BTCUSD_PERP,bid,59600,646.65
1726623819485,BTCUSD_PERP,bid,59600,529.12
1726623857450,BTCUSD_PERP,bid,59700,529.31
1726624007435,BTCUSD_PERP,bid,59700,588.09
1726624023803,BTCUSD_PERP,bid,59600,647.48
1726624024004,BTCUSD_PERP,bid,59600,706.56
1726624030078,BTCUSD_PERP,bid,59600,647.15
1726624030480,BTCUSD_PERP,bid,59600,706.2
1726624049817,BTCUSD_PERP,bid,59600,646.12
1726624049920,BTCUSD_PERP,bid,59600,822.58
1726624050020,BTCUSD_PERP,bid,59600,881.6
1726624124212,BTCUSD_PERP,bid,59500,822.16
1726624124312,BTCUSD_PERP,bid,59500,881.15
1726624331982,BTCUSD_PERP,bid,59500,822.16
1726624332082,BTCUSD_PERP,bid,59500,704.78
1726624332183,BTCUSD_PERP,bid,59500,645.79
1726624332387,BTCUSD_PERP,bid,59500,529.01
1726624333212,BTCUSD_PERP,bid,59600,646.19
1726624333411,BTCUSD_PERP,bid,59600,763.64
1726624333719,BTCUSD_PERP,bid,59600,822.67
1726624333828,BTCUSD_PERP,bid,59600,881.1
1726624334033,BTCUSD_PERP,bid,59600,940.13
1726624334142,BTCUSD_PERP,bid,59600,999.16
1726624357361,BTCUSD_PERP,bid,59600,940.13
1726624357666,BTCUSD_PERP,bid,59600,881.1
1726624357767,BTCUSD_PERP,bid,59600,763.65
1726624357871,BTCUSD_PERP,bid,59600,528.74
1726624357971,BTCUSD_PERP,bid,59500,939.65
1726624372313,BTCUSD_PERP,bid,59500,881.26
1726624372409,BTCUSD_PERP,bid,59500,822.36
1726624372516,BTCUSD_PERP,bid,59500,939.69
1726624372719,BTCUSD_PERP,bid,59500,998.65
1726624436119,BTCUSD_PERP,bid,59500,939.79
1726624436521,BTCUSD_PERP,bid,59500,880.83
1726624436724,BTCUSD_PERP,bid,59500,822.47
1726624436827,BTCUSD_PERP,bid,59500,705.14
1726624437029,BTCUSD_PERP,bid,59500,587.75
1726624437431,BTCUSD_PERP,bid,59500,646.75
1726624437533,BTCUSD_PERP,bid,59500,764.75
1726624437632,BTCUSD_PERP,bid,59500,823.15
1726624437729,BTCUSD_PERP,bid,59500,881.55
1726624437938,BTCUSD_PERP,bid,59500,939.93
1726624438038,BTCUSD_PERP,bid,59500,998.93
1726624438244,BTCUSD_PERP,bid,59500,514.62
1726624438244,BTCUSD_PERP,bid,59500,1057.93
1726624500449,BTCUSD_PERP,bid,59500,646.75
1726624500543,BTCUSD_PERP,bid,59500,821.94
1726624500650,BTCUSD_PERP,bid,59500,514.35
1726624500650,BTCUSD_PERP,bid,59500,1057.22
1726624531605,BTCUSD_PERP,bid,59500,586.99
1726624531810,BTCUSD_PERP,bid,59500,645.99
1726624531917,BTCUSD_PERP,bid,59500,763.38
1726624532015,BTCUSD_PERP,bid,59500,822.38
1726624623825,BTCUSD_PERP,bid,59500,705.74
1726624623923,BTCUSD_PERP,bid,59500,764.7
1726624707963,BTCUSD_PERP,bid,59500,823.63
1726624708066,BTCUSD_PERP,bid,59500,882.63
1726624740183,BTCUSD_PERP,bid,59500,882.49
1726625103187,BTCUSD_PERP,bid,59500,764.49
1726625103285,BTCUSD_PERP,bid,59500,647.19
1726625103393,BTCUSD_PERP,bid,59500,588.19
1726625103489,BTCUSD_PERP,bid,59500,529.79
1726625391493,BTCUSD_PERP,bid,59600,529.44
1726625417136,BTCUSD_PERP,ask,60800,494.43
1726625490922,BTCUSD_PERP,bid,59600,529.73
1726625494736,BTCUSD_PERP,bid,59600,531.21
1726625502078,BTCUSD_PERP,bid,59700,529.46
1726625502377,BTCUSD_PERP,bid,59700,588.57
1726625502580,BTCUSD_PERP,bid,59700,647.68
1726625502683,BTCUSD_PERP,bid,59700,706.18
1726625718067,BTCUSD_PERP,bid,59700,528.96
1726625718895,BTCUSD_PERP,bid,59700,529.76
1726625719105,BTCUSD_PERP,bid,59700,588.9
1726625719205,BTCUSD_PERP,bid,59700,648.04
1726625719323,BTCUSD_PERP,bid,59700,706.57
1726625720462,BTCUSD_PERP,bid,59700,708.71
1726625723960,BTCUSD_PERP,bid,59700,723.02
1726625731165,BTCUSD_PERP,bid,59700,663.88
1726625731263,BTCUSD_PERP,bid,59700,605.34
1726625731465,BTCUSD_PERP,bid,59700,766.04
1726625772207,BTCUSD_PERP,bid,59700,765.44
1726625828586,BTCUSD_PERP,bid,59700,706.33
1726625828988,BTCUSD_PERP,bid,59700,530.21
1726625829394,BTCUSD_PERP,bid,59600,766.06
1726625884990,BTCUSD_PERP,bid,59600,707.09
1726625885097,BTCUSD_PERP,bid,59600,648.62
1726625885202,BTCUSD_PERP,bid,59600,589.54
1726625885410,BTCUSD_PERP,bid,59600,531.06
1726625886604,BTCUSD_PERP,bid,59700,528.86
1726625886681,BTCUSD_PERP,bid,59700,587.97
1726625886905,BTCUSD_PERP,bid,59700,765.3
1726625895091,BTCUSD_PERP,bid,59700,765.44
1726626013889,BTCUSD_PERP,bid,59700,588.21
1726626013987,BTCUSD_PERP,bid,59600,764.9
1726626020282,BTCUSD_PERP,bid,59600,706.42
1726626020380,BTCUSD_PERP,bid,59600,646.41
1726626020483,BTCUSD_PERP,bid,59600,764.51
1726626021099,BTCUSD_PERP,bid,59600,822.96
1726626074703,BTCUSD_PERP,bid,59600,587.97
1726626074904,BTCUSD_PERP,bid,59600,529.53
1726626075526,BTCUSD_PERP,bid,59600,540.41
1726626075626,BTCUSD_PERP,bid,59600,658.59
1726626213938,BTCUSD_PERP,bid,59600,528.96
1726626214142,BTCUSD_PERP,bid,59600,588.01
1726626274704,BTCUSD_PERP,ask,60800,509.69
1726626327165,BTCUSD_PERP,ask,60800,499.97
1726626693005,BTCUSD_PERP,bid,59600,589.09
1726626715077,BTCUSD_PERP,bid,59600,530.0
1726626716394,BTCUSD_PERP,bid,59700,529.58
1726626716905,BTCUSD_PERP,bid,59700,588.1
1726627152122,BTCUSD_PERP,bid,59700,528.98
1726627587976,BTCUSD_PERP,bid,59700,589.78
1726627588268,BTCUSD_PERP,bid,59700,648.84
1726627588403,BTCUSD_PERP,bid,59700,707.4
1726627588604,BTCUSD_PERP,bid,59700,765.96
1726627589032,BTCUSD_PERP,bid,59700,883.67
1726627589185,BTCUSD_PERP,bid,59700,942.83
1726627597905,BTCUSD_PERP,bid,59700,942.97
1726627630158,BTCUSD_PERP,bid,59700,707.54
1726627630259,BTCUSD_PERP,bid,59700,765.72
1726627630459,BTCUSD_PERP,bid,59700,824.85
1726627638233,BTCUSD_PERP,bid,59700,765.72
1726627638331,BTCUSD_PERP,bid,59700,588.33
1726627638432,BTCUSD_PERP,bid,59700,529.81
1726628219020,BTCUSD_PERP,bid,59700,530.34
1726628219120,BTCUSD_PERP,bid,59700,588.92
1726628246116,BTCUSD_PERP,bid,59700,530.34
1726628247209,BTCUSD_PERP,bid,59800,530.67
1726628247306,BTCUSD_PERP,bid,59800,589.9
1726628247405,BTCUSD_PERP,bid,59800,707.66
1726628247509,BTCUSD_PERP,bid,59800,766.89
1726628247705,BTCUSD_PERP,bid,59700,516.75
1726628247705,BTCUSD_PERP,bid,59800,826.12
1726628247914,BTCUSD_PERP,bid,59700,575.92
1726628247914,BTCUSD_PERP,bid,59800,944.58
1726628248016,BTCUSD_PERP,bid,59800,1003.21
1726628248130,BTCUSD_PERP,bid,59800,1062.44
1726628422117,BTCUSD_PERP,bid,59700,516.75
1726628422117,BTCUSD_PERP,bid,59800,826.72
1726628422216,BTCUSD_PERP,bid,59800,767.49
1726628422420,BTCUSD_PERP,bid,59800,708.86
1726628514820,BTCUSD_PERP,bid,59900,531.36
1726628515042,BTCUSD_PERP,bid,59900,590.66
1726628752880,BTCUSD_PERP,bid,60000,533.3
1726628848468,BTCUSD_PERP,bid,60400,544.22
1726628853063,BTCUSD_PERP,bid,60400,545.09
1726628855507,BTCUSD_PERP,bid,60400,544.22
1726628859709,BTCUSD_PERP,bid,60400,546.27
1726628860123,BTCUSD_PERP,bid,60400,544.22
1726628864313,BTCUSD_PERP,bid,60400,544.22
1726628864408,BTCUSD_PERP,bid,60400,545.71
1726628868634,BTCUSD_PERP,bid,60400,544.22
1726628878337,BTCUSD_PERP,bid,60400,545.11
1726628881416,BTCUSD_PERP,bid,60400,544.22
1726628881734,BTCUSD_PERP,bid,60400,545.69
1726628881935,BTCUSD_PERP,bid,60400,544.22
1726628882435,BTCUSD_PERP,bid,60400,545.69
1726628883761,BTCUSD_PERP,bid,60400,544.22
1726628884580,BTCUSD_PERP,bid,60400,544.22
1726628884685,BTCUSD_PERP,bid,60400,544.22
1726628886155,BTCUSD_PERP,bid,60400,544.33
1726628886253,BTCUSD_PERP,bid,60400,545.75
1726628887070,BTCUSD_PERP,bid,60400,544.21
1726628914775,BTCUSD_PERP,bid,60400,545.68
1726628915384,BTCUSD_PERP,bid,60400,544.21
1726628919203,BTCUSD_PERP,bid,60400,544.1
1726628919407,BTCUSD_PERP,bid,60400,537.02
1726628919505,BTCUSD_PERP,bid,60400,536.86
1726628919613,BTCUSD_PERP,bid,60400,504.7
1726628919813,BTCUSD_PERP,bid,60400,504.66
1726628919914,BTCUSD_PERP,bid,60400,506.05
1726628920008,BTCUSD_PERP,bid,60400,504.55
1726628920573,BTCUSD_PERP,bid,60400,504.47
1726628921603,BTCUSD_PERP,bid,60400,503.67
1726628921856,BTCUSD_PERP,bid,60400,503.53
1726628922505,BTCUSD_PERP,bid,60400,505.03
1726628922609,BTCUSD_PERP,bid,60400,505.03
1726628922718,BTCUSD_PERP,bid,60400,507.14
1726628922916,BTCUSD_PERP,bid,60400,505.64
1726628923773,BTCUSD_PERP,bid,60400,505.61
1726628923876,BTCUSD_PERP,bid,60400,505.49
1726628925273,BTCUSD_PERP,bid,60400,506.99
1726628925397,BTCUSD_PERP,bid,60400,506.99
1726628925583,BTCUSD_PERP,bid,60400,505.49
1726628925811,BTCUSD_PERP,bid,60400,505.46
1726628925916,BTCUSD_PERP,bid,60400,505.35
1726628926504,BTCUSD_PERP,bid,60400,680.23
1726628926605,BTCUSD_PERP,bid,60400,680.23
1726628926707,BTCUSD_PERP,bid,60400,681.73
1726628926948,BTCUSD_PERP,bid,60400,680.23
1726628927822,BTCUSD_PERP,bid,60400,680.2
1726628927938,BTCUSD_PERP,bid,60400,680.09
1726628929376,BTCUSD_PERP,bid,60400,679.89
1726628929909,BTCUSD_PERP,bid,60400,679.74
1726628930897,BTCUSD_PERP,bid,60400,679.43
1726628931905,BTCUSD_PERP,bid,60400,679.28
1726628932580,BTCUSD_PERP,bid,60400,678.42
1726628933806,BTCUSD_PERP,bid,60400,678.39
1726628933907,BTCUSD_PERP,bid,60400,678.27
1726628934465,BTCUSD_PERP,bid,60400,677.47
1726628935806,BTCUSD_PERP,bid,60400,677.44
1726628935909,BTCUSD_PERP,bid,60400,677.32
1726628936676,BTCUSD_PERP,bid,60400,676.45
1726628937777,BTCUSD_PERP,bid,60400,676.42
1726628937983,BTCUSD_PERP,bid,60400,676.31
1726628938208,BTCUSD_PERP,bid,60400,676.01
1726628938427,BTCUSD_PERP,bid,60400,675.21
1726628939199,BTCUSD_PERP,bid,60400,675.06
1726628939303,BTCUSD_PERP,bid,60400,674.66
1726628939925,BTCUSD_PERP,bid,60400,674.51
1726628940705,BTCUSD_PERP,bid,60400,674.29
1726628941105,BTCUSD_PERP,bid,60400,673.43
1726628941646,BTCUSD_PERP,bid,60400,672.85
1726628941848,BTCUSD_PERP,bid,60400,672.71
1726628942204,BTCUSD_PERP,bid,60400,671.88
1726628942705,BTCUSD_PERP,bid,60400,671.82
1726628943035,BTCUSD_PERP,bid,60400,673.32
1726628943123,BTCUSD_PERP,bid,60400,684.11
1726628943232,BTCUSD_PERP,bid,60400,681.15
1726628943335,BTCUSD_PERP,bid,60400,681.85
1726628943433,BTCUSD_PERP,bid,60400,682.77
1726628943635,BTCUSD_PERP,bid,60400,673.48
1726628943738,BTCUSD_PERP,bid,60400,673.49
1726628944124,BTCUSD_PERP,bid,60400,672.57
1726628944251,BTCUSD_PERP,bid,60400,672.61
1726628944866,BTCUSD_PERP,bid,60400,672.59
1726628944964,BTCUSD_PERP,bid,60400,672.57
1726628948360,BTCUSD_PERP,bid,60400,672.0
1726628948561,BTCUSD_PERP,bid,60400,671.2
1726628952964,BTCUSD_PERP,bid,60400,670.27
1726628957801,BTCUSD_PERP,bid,60400,671.15
1726628957904,BTCUSD_PERP,bid,60400,670.99
1726628963720,BTCUSD_PERP,bid,60400,670.11
1726628970773,BTCUSD_PERP,bid,60400,669.81
1726628970975,BTCUSD_PERP,bid,60400,670.31
1726628971080,BTCUSD_PERP,bid,60400,669.71
1726628971182,BTCUSD_PERP,bid,60400,670.58
1726628972619,BTCUSD_PERP,bid,60400,670.83
1726628972736,BTCUSD_PERP,bid,60400,671.08
1726628972834,BTCUSD_PERP,bid,60400,670.58
1726628973984,BTCUSD_PERP,bid,60400,670.58
1726628976125,BTCUSD_PERP,bid,60400,670.83
1726628976857,BTCUSD_PERP,bid,60400,670.58
1726628977067,BTCUSD_PERP,bid,60400,670.83
1726628977162,BTCUSD_PERP,bid,60400,670.58
1726628998044,BTCUSD_PERP,bid,60400,669.71
1726629003316,BTCUSD_PERP,bid,60400,669.71
1726629003416,BTCUSD_PERP,bid,60400,669.72
1726629003616,BTCUSD_PERP,bid,60400,669.71
1726629003712,BTCUSD_PERP,bid,60400,669.72
1726629004939,BTCUSD_PERP,bid,60400,669.71
1726629005135,BTCUSD_PERP,bid,60400,669.72
1726629005243,BTCUSD_PERP,bid,60400,669.72
1726629005345,BTCUSD_PERP,bid,60400,669.71
1726629005462,BTCUSD_PERP,bid,60400,669.72
1726629007684,BTCUSD_PERP,bid,60400,669.72
1726629015512,BTCUSD_PERP,bid,60400,669.71
1726629017524,BTCUSD_PERP,bid,60400,669.72
1726629017637,BTCUSD_PERP,bid,60400,669.71
1726629018951,BTCUSD_PERP,bid,60400,670.63
1726629042570,BTCUSD_PERP,bid,60400,670.62
1726629047805,BTCUSD_PERP,bid,60400,670.63
1726629065876,BTCUSD_PERP,bid,60400,670.75
1726629066180,BTCUSD_PERP,bid,60400,670.76
1726629066689,BTCUSD_PERP,bid,60400,670.64
1726629067697,BTCUSD_PERP,bid,60400,670.76
1726629067903,BTCUSD_PERP,bid,60400,670.64
1726629068622,BTCUSD_PERP,bid,60400,670.76
1726629069237,BTCUSD_PERP,bid,60400,670.64
1726629069846,BTCUSD_PERP,bid,60400,670.63
1726629072696,BTCUSD_PERP,bid,60400,670.63
1726629074324,BTCUSD_PERP,bid,60400,671.11
1726629076976,BTCUSD_PERP,bid,60400,670.63
1726629079477,BTCUSD_PERP,bid,60400,669.7
1726629080731,BTCUSD_PERP,bid,60400,669.6
1726629081044,BTCUSD_PERP,bid,60400,669.61
1726629081593,BTCUSD_PERP,bid,60400,669.55
1726629082205,BTCUSD_PERP,bid,60400,669.54
1726629083069,BTCUSD_PERP,bid,60400,669.48
1726629083482,BTCUSD_PERP,bid,60400,671.59
1726629084127,BTCUSD_PERP,bid,60400,671.58
1726629084337,BTCUSD_PERP,bid,60400,671.74
1726629085215,BTCUSD_PERP,bid,60400,673.24
1726629085305,BTCUSD_PERP,bid,60400,671.74
1726629085438,BTCUSD_PERP,bid,60400,671.72
1726629086278,BTCUSD_PERP,bid,60400,671.71
1726629086587,BTCUSD_PERP,bid,60400,673.21
1726629086705,BTCUSD_PERP,bid,60400,670.71
1726629088025,BTCUSD_PERP,bid,60400,672.21
1726629088110,BTCUSD_PERP,bid,60400,670.7
1726629088213,BTCUSD_PERP,bid,60400,670.58
1726629088666,BTCUSD_PERP,bid,60400,670.67
1726629089205,BTCUSD_PERP,bid,60400,670.68
1726629089862,BTCUSD_PERP,bid,60400,670.65
1726629089968,BTCUSD_PERP,bid,60400,672.15
1726629090091,BTCUSD_PERP,bid,60400,670.53
1726629090196,BTCUSD_PERP,bid,60400,673.65
1726629090299,BTCUSD_PERP,bid,60400,673.64
1726629090401,BTCUSD_PERP,bid,60400,672.84
1726629091212,BTCUSD_PERP,bid,60400,673.55
1726629092017,BTCUSD_PERP,bid,60400,673.56
1726629092462,BTCUSD_PERP,bid,60400,673.27
1726629093104,BTCUSD_PERP,bid,60400,672.87
1726629105206,BTCUSD_PERP,bid,60400,673.12
1726629105425,BTCUSD_PERP,bid,60400,672.87
1726629105649,BTCUSD_PERP,bid,60400,673.37
1726629106289,BTCUSD_PERP,bid,60400,672.87
1726629107988,BTCUSD_PERP,bid,60400,674.41
1726629108103,BTCUSD_PERP,bid,60400,674.4
1726629124394,BTCUSD_PERP,bid,60400,674.4
1726629132418,BTCUSD_PERP,bid,60400,674.4
1726629133719,BTCUSD_PERP,bid,60400,674.65
1726629133825,BTCUSD_PERP,bid,60400,674.9
1726629133954,BTCUSD_PERP,bid,60400,674.4
1726629135409,BTCUSD_PERP,bid,60400,674.65
1726629135511,BTCUSD_PERP,bid,60400,674.4
1726629135617,BTCUSD_PERP,bid,60400,674.4
1726629141495,BTCUSD_PERP,bid,60400,674.65
1726629141606,BTCUSD_PERP,bid,60400,674.4
1726629143988,BTCUSD_PERP,bid,60400,669.02
1726629144087,BTCUSD_PERP,bid,60400,669.03
1726629145313,BTCUSD_PERP,bid,60400,669.03
1726629146830,BTCUSD_PERP,bid,60400,669.15
1726629146930,BTCUSD_PERP,bid,60400,669.03
1726629147941,BTCUSD_PERP,bid,60400,669.02
1726629148497,BTCUSD_PERP,bid,60400,669.03
1726629160811,BTCUSD_PERP,bid,60400,669.15
1726629160912,BTCUSD_PERP,bid,60400,669.03
1726629165537,BTCUSD_PERP,bid,60400,668.16
1726629180533,BTCUSD_PERP,bid,60400,668.17
1726629181749,BTCUSD_PERP,bid,60400,668.17
1726629181849,BTCUSD_PERP,bid,60400,668.16
1726629184608,BTCUSD_PERP,bid,60400,668.17
1726629184701,BTCUSD_PERP,bid,60400,668.16
1726629237673,BTCUSD_PERP,bid,60000,533.93
1726629547276,BTCUSD_PERP,bid,60000,533.57
1726629933470,BTCUSD_PERP,bid,60000,532.68
1726629933574,BTCUSD_PERP,bid,60000,592.15
1726629933672,BTCUSD_PERP,bid,60000,651.01
1726629933777,BTCUSD_PERP,bid,60000,769.34
1726629933879,BTCUSD_PERP,bid,60000,828.81
1726629933983,BTCUSD_PERP,bid,60000,887.67
1726630180919,BTCUSD_PERP,bid,60000,828.31
1726630181015,BTCUSD_PERP,bid,60000,769.45
1726630181324,BTCUSD_PERP,bid,60000,591.04
1726630181631,BTCUSD_PERP,bid,60000,532.18
1726630182038,BTCUSD_PERP,bid,60100,533.56
1726630182240,BTCUSD_PERP,bid,60100,592.45
1726630182341,BTCUSD_PERP,bid,60100,651.95
1726630182446,BTCUSD_PERP,bid,60100,710.84
1726630182855,BTCUSD_PERP,bid,60100,769.73
1726630182954,BTCUSD_PERP,bid,60100,829.23
1726630315937,BTCUSD_PERP,bid,60000,533.9
1726630316045,BTCUSD_PERP,bid,60000,828.81
1726630677776,BTCUSD_PERP,bid,60000,769.95
1726630677874,BTCUSD_PERP,bid,60000,591.8
1726630677974,BTCUSD_PERP,bid,60000,769.49
1726630703671,BTCUSD_PERP,bid,60000,591.9
1726630705116,BTCUSD_PERP,bid,60000,533.46
1726630705219,BTCUSD_PERP,bid,60000,592.93
1726630705557,BTCUSD_PERP,bid,60000,652.4
1726630803900,BTCUSD_PERP,bid,60000,592.93
1726630804000,BTCUSD_PERP,bid,60000,533.46
1726630805116,BTCUSD_PERP,bid,60100,532.63
1726630805327,BTCUSD_PERP,bid,60100,651.06
1726630805427,BTCUSD_PERP,bid,60100,709.97
1726630805944,BTCUSD_PERP,bid,60100,769.49
1726630809168,BTCUSD_PERP,bid,60100,770.98
1726630894682,BTCUSD_PERP,bid,60100,769.49
1726630959451,BTCUSD_PERP,bid,60100,651.06
1726630959550,BTCUSD_PERP,bid,60100,592.15
1726630961388,BTCUSD_PERP,bid,60100,533.54
1726630961488,BTCUSD_PERP,bid,60100,593.09
1726630961675,BTCUSD_PERP,bid,60100,519.84
1726630961805,BTCUSD_PERP,bid,60100,652.64
1726631069769,BTCUSD_PERP,bid,60100,593.09
1726631069967,BTCUSD_PERP,bid,60100,534.15
1726631071183,BTCUSD_PERP,bid,60200,534.77
1726631103082,BTCUSD_PERP,bid,60200,535.6
1726631103185,BTCUSD_PERP,bid,60200,654.31
1726631103286,BTCUSD_PERP,bid,60200,891.73
1726631103391,BTCUSD_PERP,bid,60200,1010.43
1726631111889,BTCUSD_PERP,bid,60200,713.36
1726631111985,BTCUSD_PERP,bid,60200,534.16
1726631112085,BTCUSD_PERP,bid,60200,593.78
1726631112191,BTCUSD_PERP,bid,60200,653.4
1726631125650,BTCUSD_PERP,bid,60100,712.56
1726631125755,BTCUSD_PERP,bid,60100,772.15
1726631144914,BTCUSD_PERP,bid,60100,1010.93
1726631145008,BTCUSD_PERP,bid,60100,1070.49
1726631169418,BTCUSD_PERP,bid,60100,1010.93
1726631169519,BTCUSD_PERP,bid,60100,832.25
1726631169718,BTCUSD_PERP,bid,60100,1067.81
1726631170123,BTCUSD_PERP,bid,60100,1126.74
1726631199793,BTCUSD_PERP,bid,60100,533.86
1726631199899,BTCUSD_PERP,bid,60100,1007.74
1726631199995,BTCUSD_PERP,bid,60100,1067.24
1726631200410,BTCUSD_PERP,bid,60100,1126.14
1726631228107,BTCUSD_PERP,bid,60100,1067.24
1726631228206,BTCUSD_PERP,bid,60100,1008.34
1726631228310,BTCUSD_PERP,bid,60100,889.34
1726631228615,BTCUSD_PERP,bid,60100,829.84
1726631228720,BTCUSD_PERP,bid,60100,710.84
1726631229038,BTCUSD_PERP,bid,60100,591.94
1726631229038,BTCUSD_PERP,bid,60100,534.47
1726631229242,BTCUSD_PERP,bid,60100,532.44
1726631229242,BTCUSD_PERP,bid,60100,594.0
1726631229359,BTCUSD_PERP,bid,60100,652.92
1726631229464,BTCUSD_PERP,bid,60100,712.45
1726631229566,BTCUSD_PERP,bid,60100,831.51
1726631229668,BTCUSD_PERP,bid,60100,949.35
1726631229769,BTCUSD_PERP,bid,60000,578.74
1726631229769,BTCUSD_PERP,bid,60100,1067.8
1726631229869,BTCUSD_PERP,bid,60100,1185.66
1726631229984,BTCUSD_PERP,bid,60100,1245.19
1726631301777,BTCUSD_PERP,bid,60100,1185.66
1726631301881,BTCUSD_PERP,bid,60100,1126.23
1726631302197,BTCUSD_PERP,bid,60000,519.27
1726631302197,BTCUSD_PERP,bid,60100,949.45
1726631302297,BTCUSD_PERP,bid,60100,772.08
1726631302405,BTCUSD_PERP,bid,60100,532.34
1726631302405,BTCUSD_PERP,bid,60100,712.55
1726631302489,BTCUSD_PERP,bid,60100,650.72
1726631302489,BTCUSD_PERP,bid,60100,594.1
1726631302594,BTCUSD_PERP,bid,60100,710.22
1726631302688,BTCUSD_PERP,bid,60100,769.72
1726631302804,BTCUSD_PERP,bid,60100,829.22
1726631303006,BTCUSD_PERP,bid,60100,888.72
1726631303111,BTCUSD_PERP,bid,60100,948.22
1726631303216,BTCUSD_PERP,bid,60100,1007.12
1726631303313,BTCUSD_PERP,bid,60100,1066.62
1726631303523,BTCUSD_PERP,bid,60000,578.55
1726631303523,BTCUSD_PERP,bid,60100,1244.52
1726631381408,BTCUSD_PERP,bid,60100,710.84
1726631381504,BTCUSD_PERP,bid,60000,522.04
1726631381504,BTCUSD_PERP,bid,60000,1125.61
1726631381610,BTCUSD_PERP,bid,60000,581.41
1726631381610,BTCUSD_PERP,bid,60000,1185.08
1726631381714,BTCUSD_PERP,bid,60000,1185.22
1726631383037,BTCUSD_PERP,bid,60000,1244.09
1726631595893,BTCUSD_PERP,bid,60000,1243.95
1726631682484,BTCUSD_PERP,bid,60000,522.0
1726631682484,BTCUSD_PERP,bid,60000,1184.48
1726631682584,BTCUSD_PERP,bid,60000,769.69
1726631682689,BTCUSD_PERP,bid,59900,518.52
1726631682689,BTCUSD_PERP,bid,60000,1125.02
1726631682795,BTCUSD_PERP,bid,59900,577.86
1726631682795,BTCUSD_PERP,bid,60000,1184.46
1726631793189,BTCUSD_PERP,bid,60000,889.08
1726631793290,BTCUSD_PERP,bid,60000,1124.45
1726631793495,BTCUSD_PERP,bid,59900,521.47
1726631793495,BTCUSD_PERP,bid,60000,1183.86
1726632287968,BTCUSD_PERP,bid,60000,828.71
1726632288066,BTCUSD_PERP,bid,59900,517.92
1726632288066,BTCUSD_PERP,bid,59900,1123.72
1726632288155,BTCUSD_PERP,bid,59900,577.19
1726632288266,BTCUSD_PERP,bid,59900,1183.09
1726632384283,BTCUSD_PERP,bid,59900,1123.72
1726632384384,BTCUSD_PERP,bid,59900,946.21
1726632384582,BTCUSD_PERP,bid,59900,517.88
1726632384582,BTCUSD_PERP,bid,59900,886.84
1726632384804,BTCUSD_PERP,bid,59900,827.57
1726632384905,BTCUSD_PERP,bid,59900,709.43
1726632385008,BTCUSD_PERP,bid,59900,650.06
1726632385326,BTCUSD_PERP,bid,59900,531.32
1726632385326,BTCUSD_PERP,bid,60000,592.79
1726632385630,BTCUSD_PERP,bid,60000,710.4
1726632385733,BTCUSD_PERP,bid,60000,769.2
1726632385829,BTCUSD_PERP,bid,60000,828.61
1726632385934,BTCUSD_PERP,bid,60000,888.02
1726632386035,BTCUSD_PERP,bid,59900,518.22
1726632386035,BTCUSD_PERP,bid,60000,1065.64
1726632386132,BTCUSD_PERP,bid,60000,1124.45
1726632386238,BTCUSD_PERP,bid,60000,1183.26
1726632386332,BTCUSD_PERP,bid,59900,577.57
1726632479731,BTCUSD_PERP,bid,60000,1123.85
1726632479858,BTCUSD_PERP,bid,59900,533.7
1726632549849,BTCUSD_PERP,bid,60000,533.38
1726632550174,BTCUSD_PERP,bid,60000,652.2
1726632550496,BTCUSD_PERP,bid,60000,711.61
1726632838607,BTCUSD_PERP,bid,60000,652.2
1726632838705,BTCUSD_PERP,bid,60000,592.79
1726632860429,BTCUSD_PERP,bid,60000,533.47
1726632860527,BTCUSD_PERP,bid,60000,592.96
1726632860632,BTCUSD_PERP,bid,60000,711.94
1726632860831,BTCUSD_PERP,bid,60000,771.43
1726632860934,BTCUSD_PERP,bid,60000,830.92
1726632862457,BTCUSD_PERP,bid,60000,833.08
1726632864897,BTCUSD_PERP,bid,60000,834.58
1726632909930,BTCUSD_PERP,bid,60000,593.29
1726632910029,BTCUSD_PERP,bid,60000,652.74
1726633029724,BTCUSD_PERP,bid,60000,533.84
1726633040796,BTCUSD_PERP,bid,60100,534.98
1726633040895,BTCUSD_PERP,bid,60100,653.42
1726633305536,BTCUSD_PERP,bid,60100,593.9
1726633305633,BTCUSD_PERP,bid,60100,534.98
1726633306860,BTCUSD_PERP,bid,60100,534.23
1726633307066,BTCUSD_PERP,bid,60100,593.79
1726633307477,BTCUSD_PERP,bid,60100,653.35
1726633307685,BTCUSD_PERP,bid,60100,772.47
1726633308195,BTCUSD_PERP,bid,60100,772.61
1726633472039,BTCUSD_PERP,bid,60100,713.05
1726633472345,BTCUSD_PERP,bid,60100,653.49
1726633472548,BTCUSD_PERP,bid,60100,593.3
1726633472650,BTCUSD_PERP,bid,60100,711.73
1726633472751,BTCUSD_PERP,bid,60100,771.25
1726633476535,BTCUSD_PERP,ask,61300,514.88
1726633478384,BTCUSD_PERP,ask,61300,521.0
1726633480941,BTCUSD_PERP,ask,61300,496.52
1726633836126,BTCUSD_PERP,bid,60000,592.99
1726633836228,BTCUSD_PERP,bid,60000,711.36
1726633836328,BTCUSD_PERP,bid,60000,770.85
1726633869860,BTCUSD_PERP,bid,60000,652.47
1726633869968,BTCUSD_PERP,bid,60000,593.58
1726633973424,BTCUSD_PERP,bid,60000,649.77
1726633973610,BTCUSD_PERP,bid,60000,709.17
1726634212320,BTCUSD_PERP,bid,59900,590.09
1726634212415,BTCUSD_PERP,bid,59900,649.46
1726634212517,BTCUSD_PERP,bid,59900,708.83
1726634301752,BTCUSD_PERP,bid,59900,650.07
1726634301850,BTCUSD_PERP,bid,59800,532.5
1726634301951,BTCUSD_PERP,bid,59800,591.78
1726634301951,BTCUSD_PERP,bid,59900,602.03
1726634302052,BTCUSD_PERP,bid,59800,532.52
1726634302052,BTCUSD_PERP,bid,59900,661.37
1726634302560,BTCUSD_PERP,bid,59900,663.52
1726634424126,BTCUSD_PERP,bid,59900,661.37
1726635620367,BTCUSD_PERP,bid,59800,649.34
1726635620567,BTCUSD_PERP,bid,59800,708.6
1726635905286,BTCUSD_PERP,bid,59800,649.01
1726635905490,BTCUSD_PERP,bid,59800,708.24
1726636005422,BTCUSD_PERP,bid,59800,649.11
1726636005627,BTCUSD_PERP,bid,59800,589.48
1726636005731,BTCUSD_PERP,bid,59800,648.68
1726636044270,BTCUSD_PERP,bid,59700,589.18
1726636044372,BTCUSD_PERP,bid,59700,648.35
1726636153345,BTCUSD_PERP,bid,59800,531.15
1726636326414,BTCUSD_PERP,bid,59800,530.34
1726636326510,BTCUSD_PERP,bid,59800,589.6
1726636326719,BTCUSD_PERP,bid,59800,648.76
1726636326819,BTCUSD_PERP,bid,59800,708.02
1726638292904,BTCUSD_PERP,ask,60800,496.08
1726638294258,BTCUSD_PERP,ask,60800,502.16
1726638298239,BTCUSD_PERP,ask,60800,522.23
1726638489540,BTCUSD_PERP,ask,61000,500.87
1726638489641,BTCUSD_PERP,ask,61000,511.83
1726638526906,BTCUSD_PERP,ask,61000,502.08
1726638529525,BTCUSD_PERP,ask,61000,492.33
1726641738967,BTCUSD_PERP,bid,59800,531.27
1726642236286,BTCUSD_PERP,bid,59800,531.6
1726642266383,BTCUSD_PERP,bid,59900,531.9
1726642266487,BTCUSD_PERP,bid,59900,591.2
1726642266695,BTCUSD_PERP,bid,59900,649.9
1726642266905,BTCUSD_PERP,bid,59900,709.2
1726642267745,BTCUSD_PERP,bid,59900,711.35
1726642269419,BTCUSD_PERP,bid,59900,712.84
1726642389835,BTCUSD_PERP,bid,59900,710.69
1726642390035,BTCUSD_PERP,bid,59900,709.2
1726642401475,BTCUSD_PERP,bid,59900,650.5
1726642401674,BTCUSD_PERP,bid,59900,591.2
1726642401905,BTCUSD_PERP,bid,59900,531.9
1726642403343,BTCUSD_PERP,bid,59900,591.57
1726642403440,BTCUSD_PERP,bid,59900,650.91
1726642403642,BTCUSD_PERP,bid,59900,710.39
1726642463552,BTCUSD_PERP,bid,59900,651.05
1726642463651,BTCUSD_PERP,bid,59900,591.71
1726642465737,BTCUSD_PERP,bid,59900,531.93
1726642536949,BTCUSD_PERP,bid,59900,532.25
1726642537058,BTCUSD_PERP,bid,59900,649.72
1726642560485,BTCUSD_PERP,bid,59900,590.7
1726642809748,BTCUSD_PERP,bid,59900,531.39
1726642811805,BTCUSD_PERP,bid,59900,532.33
1726643523569,BTCUSD_PERP,bid,60000,566.44
1726643523671,BTCUSD_PERP,bid,60000,625.23
1726643524180,BTCUSD_PERP,bid,60000,684.63
1726643524279,BTCUSD_PERP,bid,60000,744.03
1726643524586,BTCUSD_PERP,bid,60000,803.43
1726643524689,BTCUSD_PERP,bid,60000,862.83
1726643524895,BTCUSD_PERP,bid,60000,921.62
1726643537288,BTCUSD_PERP,bid,60000,921.67
1726643695029,BTCUSD_PERP,bid,59900,589.99
1726643828008,BTCUSD_PERP,bid,59900,589.69
1726643828105,BTCUSD_PERP,bid,59900,649.02
1726643834724,BTCUSD_PERP,ask,61100,499.77
1726643879668,BTCUSD_PERP,bid,59900,589.97
1726643879761,BTCUSD_PERP,bid,59900,648.66
1726644153766,BTCUSD_PERP,bid,59800,530.33
1726644153965,BTCUSD_PERP,bid,59800,589.59
1726644275394,BTCUSD_PERP,bid,59800,530.93
1726644275699,BTCUSD_PERP,bid,59800,588.67
1726644275797,BTCUSD_PERP,bid,59800,647.9
1726644356198,BTCUSD_PERP,bid,59800,589.46
1726644356305,BTCUSD_PERP,bid,59800,648.72
1726644356518,BTCUSD_PERP,bid,59800,825.3
1726644556610,BTCUSD_PERP,bid,59800,766.64
1726644556713,BTCUSD_PERP,bid,59800,707.38
1726644556813,BTCUSD_PERP,bid,59800,648.12
1726644556915,BTCUSD_PERP,bid,59800,588.86
1726644557125,BTCUSD_PERP,bid,59800,529.6
1726644667877,BTCUSD_PERP,bid,59900,532.07
1726644668080,BTCUSD_PERP,bid,59900,650.73
1726644668175,BTCUSD_PERP,bid,59900,768.78
1726644668504,BTCUSD_PERP,bid,59900,886.83
1726644668801,BTCUSD_PERP,bid,59900,1004.88
1726644668907,BTCUSD_PERP,bid,59800,517.53
1726644669113,BTCUSD_PERP,bid,59900,1063.6
1726644827016,BTCUSD_PERP,bid,59900,1004.87
1726644827118,BTCUSD_PERP,bid,59900,945.54
1726644827210,BTCUSD_PERP,bid,59900,886.81
1726644827316,BTCUSD_PERP,bid,59900,827.48
1726644827521,BTCUSD_PERP,bid,59900,649.49
1726644827824,BTCUSD_PERP,bid,59900,530.83
1726644827824,BTCUSD_PERP,bid,59900,533.06
1726644827928,BTCUSD_PERP,bid,59900,592.32
1726644828136,BTCUSD_PERP,bid,59900,709.84
1726644828440,BTCUSD_PERP,bid,59900,887.32
1726644828543,BTCUSD_PERP,bid,59900,946.07
1726644828646,BTCUSD_PERP,bid,59900,1005.43
1726644828746,BTCUSD_PERP,bid,59900,1064.18
1726644828947,BTCUSD_PERP,bid,59900,517.8
1726644878821,BTCUSD_PERP,bid,59900,945.46
1726644878925,BTCUSD_PERP,bid,59900,886.1
1726644879025,BTCUSD_PERP,bid,59900,826.84
1726644879225,BTCUSD_PERP,bid,59900,532.66
1726644879329,BTCUSD_PERP,bid,59900,1004.29
1726644879429,BTCUSD_PERP,bid,59800,517.53
1726644879429,BTCUSD_PERP,bid,59900,1063.62
1726645171890,BTCUSD_PERP,bid,59900,1004.89
1726645171992,BTCUSD_PERP,bid,59900,946.16
1726645172095,BTCUSD_PERP,bid,59900,887.43
1726645172194,BTCUSD_PERP,bid,59900,828.7
1726645172294,BTCUSD_PERP,bid,59900,651.32
1726645172395,BTCUSD_PERP,bid,59900,591.99
1726645172795,BTCUSD_PERP,bid,59900,530.59
1726645172795,BTCUSD_PERP,bid,59900,532.76
1726645172902,BTCUSD_PERP,bid,59900,589.89
1726645173101,BTCUSD_PERP,bid,59900,648.59
1726645173202,BTCUSD_PERP,bid,59900,1003.78
1726645173405,BTCUSD_PERP,bid,59800,517.27
1726645173405,BTCUSD_PERP,bid,59900,1063.08
1726645174527,BTCUSD_PERP,bid,59900,1063.22
1726645386005,BTCUSD_PERP,bid,59900,1063.08
1726645839220,BTCUSD_PERP,bid,59900,1003.78
1726645839324,BTCUSD_PERP,bid,59900,944.48
1726645839831,BTCUSD_PERP,bid,59900,885.78
1726645840131,BTCUSD_PERP,bid,59900,827.09
1726645840229,BTCUSD_PERP,bid,59900,767.89
1726645840334,BTCUSD_PERP,bid,59900,650.49
1726645840441,BTCUSD_PERP,bid,59900,591.19
1726645840546,BTCUSD_PERP,bid,59900,532.49
1726645840648,BTCUSD_PERP,bid,59900,530.86
1726645840741,BTCUSD_PERP,bid,59900,649.52
1726645840949,BTCUSD_PERP,bid,59900,826.3
1726645841051,BTCUSD_PERP,bid,59900,944.96
1726645841167,BTCUSD_PERP,bid,59900,1004.29
1726646147906,BTCUSD_PERP,bid,59900,945.57
1726646148411,BTCUSD_PERP,bid,59900,886.24
1726646148513,BTCUSD_PERP,bid,59900,827.52
1726646148813,BTCUSD_PERP,bid,59900,709.46
1726646149013,BTCUSD_PERP,bid,59900,650.13
1726646149222,BTCUSD_PERP,bid,59900,590.9
1726646149934,BTCUSD_PERP,bid,59900,591.27
1726646150132,BTCUSD_PERP,bid,59900,650.64
1726646153190,BTCUSD_PERP,bid,59900,665.01
1726646234090,BTCUSD_PERP,bid,59900,590.97
1726646234187,BTCUSD_PERP,bid,59900,650.31
1726646405851,BTCUSD_PERP,ask,61100,494.47
1726646406458,BTCUSD_PERP,ask,61100,504.23
1726646426446,BTCUSD_PERP,bid,59800,590.37
1726646426652,BTCUSD_PERP,bid,59800,649.65
1726646437178,BTCUSD_PERP,bid,59800,649.31
1726646437272,BTCUSD_PERP,bid,59800,708.56
1726646462313,BTCUSD_PERP,bid,59800,649.31
1726646462725,BTCUSD_PERP,bid,59800,531.23
1726646462823,BTCUSD_PERP,bid,59800,589.98
1726646462925,BTCUSD_PERP,bid,59800,649.19
1726646468829,BTCUSD_PERP,bid,59800,589.98
1726646469242,BTCUSD_PERP,bid,59800,530.77
1726646603922,BTCUSD_PERP,ask,60900,497.78
1726646606214,BTCUSD_PERP,ask,60900,507.52
1726646609472,BTCUSD_PERP,ask,60900,517.26
1726646641882,BTCUSD_PERP,ask,60900,501.43
1726646740248,BTCUSD_PERP,bid,59700,589.4
1726646740450,BTCUSD_PERP,bid,59700,648.58
1726646746774,BTCUSD_PERP,bid,59700,589.1
1726646747076,BTCUSD_PERP,bid,59700,648.25
1726646924547,BTCUSD_PERP,bid,59700,530.82
1726646924747,BTCUSD_PERP,bid,59700,589.4
1726646954021,BTCUSD_PERP,bid,59700,589.06
1726646954122,BTCUSD_PERP,bid,59700,648.21
1726646954224,BTCUSD_PERP,bid,59700,707.36
1726647110556,BTCUSD_PERP,bid,59700,648.21
1726647110761,BTCUSD_PERP,bid,59700,588.78
1726647110860,BTCUSD_PERP,bid,59700,647.9
1726647199391,BTCUSD_PERP,bid,59600,529.73
1726647199690,BTCUSD_PERP,bid,59600,647.87
1726647199993,BTCUSD_PERP,bid,59600,706.94
1726647330439,BTCUSD_PERP,bid,59600,588.8
1726647330542,BTCUSD_PERP,bid,59600,706.58
1726647360904,BTCUSD_PERP,bid,59600,648.14
1726648246808,BTCUSD_PERP,bid,59600,529.55
1726648246906,BTCUSD_PERP,bid,59600,588.6
1726648499053,BTCUSD_PERP,bid,59600,529.82
1726648499405,BTCUSD_PERP,bid,59600,588.9
1726649038415,BTCUSD_PERP,bid,59600,589.5
1726649078830,BTCUSD_PERP,bid,59600,530.42
1726649079038,BTCUSD_PERP,bid,59600,589.2
1726649115305,BTCUSD_PERP,bid,59600,603.49
1726649157013,BTCUSD_PERP,bid,59600,603.63
1726649189783,BTCUSD_PERP,bid,59600,604.23
1726649208695,BTCUSD_PERP,ask,60800,499.3
1726649209717,BTCUSD_PERP,ask,60800,509.01
1726649214281,BTCUSD_PERP,ask,60800,515.08
1726649216604,BTCUSD_PERP,ask,60800,524.8
1726649221977,BTCUSD_PERP,ask,60800,534.51
1726649223921,BTCUSD_PERP,ask,60800,544.23
1726649227260,BTCUSD_PERP,ask,60800,538.16
1726649227480,BTCUSD_PERP,ask,60800,544.23
1726649227906,BTCUSD_PERP,ask,60800,534.52
1726649228114,BTCUSD_PERP,ask,60800,528.45
1726649228216,BTCUSD_PERP,ask,60800,538.16
1726649228321,BTCUSD_PERP,ask,60800,532.09
1726649228423,BTCUSD_PERP,ask,60800,538.16
1726649228522,BTCUSD_PERP,ask,60800,544.23
1726649229712,BTCUSD_PERP,ask,60800,550.3
1726649235804,BTCUSD_PERP,bid,59600,589.94
1726649240414,BTCUSD_PERP,ask,60800,540.59
1726649240725,BTCUSD_PERP,ask,60800,550.3
1726649254602,BTCUSD_PERP,ask,60800,540.59
1726649255453,BTCUSD_PERP,ask,60800,530.88
1726650915754,BTCUSD_PERP,bid,59500,529.51
1726650917531,BTCUSD_PERP,bid,59500,587.82
1726650986216,BTCUSD_PERP,bid,59400,589.39
1726650986420,BTCUSD_PERP,bid,59400,648.22
1726651062716,BTCUSD_PERP,bid,59400,645.33
1726651091749,BTCUSD_PERP,bid,59400,587.1
1726651091851,BTCUSD_PERP,bid,59400,528.27
1726651158600,BTCUSD_PERP,bid,59400,645.25
1726651180425,BTCUSD_PERP,bid,59400,644.85
1726651222421,BTCUSD_PERP,bid,59400,586.0
1726651291822,BTCUSD_PERP,bid,59500,586.88
1726651291920,BTCUSD_PERP,bid,59500,645.27
1726651292025,BTCUSD_PERP,bid,59500,704.26
1726651292127,BTCUSD_PERP,bid,59500,821.64
1726651292432,BTCUSD_PERP,bid,59500,880.53
1726651292737,BTCUSD_PERP,bid,59500,939.52
1726651293147,BTCUSD_PERP,bid,59500,953.67
1726651294930,BTCUSD_PERP,bid,59500,955.29
1726651358509,BTCUSD_PERP,bid,59500,587.59
1726651562629,BTCUSD_PERP,bid,59500,528.64
1726651563033,BTCUSD_PERP,bid,59500,645.58
1726651611785,BTCUSD_PERP,bid,59500,586.77
1726651611989,BTCUSD_PERP,bid,59400,586.31
1726651656605,BTCUSD_PERP,bid,59400,600.56
1726651777109,BTCUSD_PERP,bid,59400,586.31
1726651932500,BTCUSD_PERP,bid,59400,528.03
1726651932602,BTCUSD_PERP,bid,59400,586.01
1726651932705,BTCUSD_PERP,bid,59400,703.69
1726652042102,BTCUSD_PERP,bid,59400,586.01
1726652042201,BTCUSD_PERP,bid,59400,762.03
1726652127854,BTCUSD_PERP,bid,59300,761.64
1726652155270,BTCUSD_PERP,ask,60500,499.96
1726652157809,BTCUSD_PERP,ask,60500,509.33
1726652201754,BTCUSD_PERP,ask,60500,499.66
1726652252752,BTCUSD_PERP,bid,59300,702.86
1726652252845,BTCUSD_PERP,bid,59300,760.05
1726652252951,BTCUSD_PERP,bid,59300,994.45
1726652356419,BTCUSD_PERP,bid,59300,876.95
1726652356519,BTCUSD_PERP,bid,59300,818.8
1726652356623,BTCUSD_PERP,bid,59300,760.65
1726652356723,BTCUSD_PERP,bid,59300,701.9
1726652356826,BTCUSD_PERP,bid,59300,643.15
1726652357238,BTCUSD_PERP,bid,59300,585.0
1726652357338,BTCUSD_PERP,bid,59300,526.85
1726652358251,BTCUSD_PERP,bid,59300,527.12
1726652360344,BTCUSD_PERP,bid,59300,527.26
1726652371294,BTCUSD_PERP,bid,59400,526.88
1726652561605,BTCUSD_PERP,bid,59400,527.02
1726652569507,BTCUSD_PERP,bid,59400,527.16
1726652570216,BTCUSD_PERP,bid,59400,527.3
1726652571542,BTCUSD_PERP,bid,59400,529.43
1726652628889,BTCUSD_PERP,bid,59400,527.3
1726652771807,BTCUSD_PERP,bid,59400,527.16
1726652772130,BTCUSD_PERP,bid,59400,527.02
1726652773711,BTCUSD_PERP,bid,59400,526.88
1726652873605,BTCUSD_PERP,bid,59300,585.2
1726652873717,BTCUSD_PERP,bid,59300,702.02
1726652873915,BTCUSD_PERP,bid,59300,760.78
1726652874127,BTCUSD_PERP,bid,59300,818.94
1726652874982,BTCUSD_PERP,bid,59300,820.42
1726652876252,BTCUSD_PERP,bid,59300,822.55
1726652993859,BTCUSD_PERP,bid,59300,647.57
1726652994080,BTCUSD_PERP,bid,59300,526.01
1726652994183,BTCUSD_PERP,bid,59300,584.8
1726652994485,BTCUSD_PERP,bid,59300,643.0
1726652994790,BTCUSD_PERP,bid,59300,701.79
1726652994985,BTCUSD_PERP,bid,59300,819.37
1726652996056,BTCUSD_PERP,bid,59300,820.85
1726652998000,BTCUSD_PERP,bid,59300,822.98
1726653023961,BTCUSD_PERP,bid,59300,821.5
1726653112142,BTCUSD_PERP,bid,59300,762.71
1726653112243,BTCUSD_PERP,bid,59300,703.92
1726653112444,BTCUSD_PERP,bid,59300,645.73
1726653300415,BTCUSD_PERP,bid,59200,583.98
1726653300522,BTCUSD_PERP,bid,59200,642.63
1726653362673,BTCUSD_PERP,bid,59200,526.73
1726653437312,BTCUSD_PERP,bid,59200,526.47
1726653437515,BTCUSD_PERP,bid,59200,585.11
1726653451820,BTCUSD_PERP,bid,59200,526.29
1726653453343,BTCUSD_PERP,bid,59100,702.91
1726653453656,BTCUSD_PERP,bid,59100,761.47
1726653454265,BTCUSD_PERP,bid,59100,644.35
1726653455398,BTCUSD_PERP,bid,59100,526.38
1726653455500,BTCUSD_PERP,bid,59100,584.38
1726653455604,BTCUSD_PERP,bid,59100,642.98
1726653455914,BTCUSD_PERP,bid,59100,760.18
1726653619746,BTCUSD_PERP,bid,59100,524.73
1726653620058,BTCUSD_PERP,bid,59100,583.31
1726653631424,BTCUSD_PERP,bid,59100,525.01
1726653687556,BTCUSD_PERP,bid,59100,524.73
1726653887476,BTCUSD_PERP,bid,59200,525.63
1726654015937,BTCUSD_PERP,bid,59200,527.19
1726654072305,BTCUSD_PERP,bid,59200,525.63
1726654074639,BTCUSD_PERP,bid,59200,525.96
1726654074733,BTCUSD_PERP,bid,59200,584.6
1726654167253,BTCUSD_PERP,bid,59200,525.96
1726654167895,BTCUSD_PERP,bid,59200,528.57
1726654168102,BTCUSD_PERP,bid,59200,587.24
1726654168205,BTCUSD_PERP,bid,59200,645.31
1726654168711,BTCUSD_PERP,bid,59200,703.98
1726654168819,BTCUSD_PERP,bid,59200,821.32
1726654169054,BTCUSD_PERP,bid,59200,879.99
1726654169165,BTCUSD_PERP,bid,59200,511.76
1726654169165,BTCUSD_PERP,bid,59200,938.06
1726654176561,BTCUSD_PERP,bid,59200,952.26
1726654186832,BTCUSD_PERP,bid,59200,949.33
1726654264207,BTCUSD_PERP,bid,59200,599.11
1726654264308,BTCUSD_PERP,bid,59200,701.28
1726654264509,BTCUSD_PERP,bid,59200,759.92
1726654319006,BTCUSD_PERP,bid,59100,759.41
1726654319112,BTCUSD_PERP,bid,59100,818.01
1726654419680,BTCUSD_PERP,bid,59100,760.01
1726654419782,BTCUSD_PERP,bid,59100,641.88
1726654419883,BTCUSD_PERP,bid,59100,700.45
1726654419988,BTCUSD_PERP,bid,59100,759.02
1726654429647,BTCUSD_PERP,bid,59100,701.04
1726654429746,BTCUSD_PERP,bid,59100,643.07
1726654429956,BTCUSD_PERP,bid,59100,584.5
1726654430064,BTCUSD_PERP,bid,59100,525.93
1726654430467,BTCUSD_PERP,bid,59100,524.48
1726654430772,BTCUSD_PERP,bid,59100,583.02
1726654434014,BTCUSD_PERP,bid,59000,583.0
1726654448575,BTCUSD_PERP,bid,59000,756.77
1726654448671,BTCUSD_PERP,bid,58900,512.95
1726654448778,BTCUSD_PERP,bid,59000,815.21
1726654474690,BTCUSD_PERP,bid,59000,756.77
1726654474801,BTCUSD_PERP,bid,59000,698.92
1726654474899,BTCUSD_PERP,bid,59000,640.48
1726654475103,BTCUSD_PERP,bid,59000,582.63
1726654475204,BTCUSD_PERP,bid,59000,524.19
1726654476522,BTCUSD_PERP,bid,59100,583.3
1726654476623,BTCUSD_PERP,bid,59100,641.21
1726654476725,BTCUSD_PERP,bid,59100,757.53
1726654476925,BTCUSD_PERP,bid,59100,816.04
1726654485696,BTCUSD_PERP,bid,59000,815.01
1726654485796,BTCUSD_PERP,bid,59000,1048.93
1726654485896,BTCUSD_PERP,bid,59000,1107.41
1726654499647,BTCUSD_PERP,bid,59000,582.59
1726654499744,BTCUSD_PERP,bid,59000,1048.39
1726654499948,BTCUSD_PERP,bid,59000,1106.84
1726654502314,BTCUSD_PERP,bid,59000,932.09
1726654566965,BTCUSD_PERP,bid,58900,523.72
1726654567068,BTCUSD_PERP,bid,58900,582.12
1726654569204,BTCUSD_PERP,bid,58900,581.81
1726654569514,BTCUSD_PERP,bid,58900,640.18
1726654648857,BTCUSD_PERP,bid,58900,522.52
1726654649167,BTCUSD_PERP,bid,58900,580.84
1726654675406,BTCUSD_PERP,bid,58900,522.53
1726654675516,BTCUSD_PERP,bid,58900,580.92
1726654675623,BTCUSD_PERP,bid,58900,697.11
1726654675944,BTCUSD_PERP,bid,58900,813.89
1726654758200,BTCUSD_PERP,bid,58900,756.09
1726654758513,BTCUSD_PERP,bid,58900,639.9
1726654758617,BTCUSD_PERP,bid,58900,581.51
1726654758817,BTCUSD_PERP,bid,58900,523.12
1726654852505,BTCUSD_PERP,bid,59000,524.61
1726654852614,BTCUSD_PERP,bid,59000,582.52
1726654873703,BTCUSD_PERP,bid,59100,640.75
1726654873909,BTCUSD_PERP,bid,59100,699.28
1726654890251,BTCUSD_PERP,bid,59100,640.75
1726654890450,BTCUSD_PERP,bid,59000,582.51
1726654927069,BTCUSD_PERP,bid,59000,524.93
1726654927173,BTCUSD_PERP,bid,59000,640.68
1726654965316,BTCUSD_PERP,bid,59000,582.31
1726654965421,BTCUSD_PERP,bid,59000,523.84
1726654966738,BTCUSD_PERP,bid,59100,523.6
1726654966935,BTCUSD_PERP,bid,59100,582.11
1726654967041,BTCUSD_PERP,bid,59100,640.62
1726655206816,BTCUSD_PERP,bid,59000,582.41
1726655206921,BTCUSD_PERP,bid,59000,640.29
1726655283693,BTCUSD_PERP,bid,59000,582.41
1726655283797,BTCUSD_PERP,bid,59000,523.93
1726655347127,BTCUSD_PERP,bid,59100,524.89
1726655347227,BTCUSD_PERP,bid,59100,582.84
1726655907782,BTCUSD_PERP,bid,59300,525.33
1726655907884,BTCUSD_PERP,bid,59300,701.67
1726655907986,BTCUSD_PERP,bid,59300,760.45
1726655908181,BTCUSD_PERP,bid,59300,819.23
1726656025155,BTCUSD_PERP,bid,59300,761.05
1726656025361,BTCUSD_PERP,bid,59300,643.75
1726656147307,BTCUSD_PERP,bid,59300,585.6
1726656148528,BTCUSD_PERP,bid,59300,526.02
1726656228462,BTCUSD_PERP,bid,59300,525.81
1726656383824,BTCUSD_PERP,bid,59300,760.36
1726656635028,BTCUSD_PERP,bid,59300,702.23
1726656635130,BTCUSD_PERP,bid,59300,643.61
1726656635232,BTCUSD_PERP,bid,59300,584.88
1726656636179,BTCUSD_PERP,bid,59300,585.69
1726656636502,BTCUSD_PERP,bid,59300,702.0
1726656636606,BTCUSD_PERP,bid,59300,760.76
1726656636710,BTCUSD_PERP,bid,59300,877.07
1726656636815,BTCUSD_PERP,bid,59300,935.83
1726656636937,BTCUSD_PERP,bid,59300,993.99
1726656984825,BTCUSD_PERP,bid,59300,819.51
1726656984922,BTCUSD_PERP,bid,59300,760.75
1726656985133,BTCUSD_PERP,bid,59300,702.59
1726656985234,BTCUSD_PERP,bid,59300,643.94
1726656985332,BTCUSD_PERP,bid,59300,526.42
1726656985439,BTCUSD_PERP,bid,59300,584.81
1726656985841,BTCUSD_PERP,bid,59300,643.0
1726656986063,BTCUSD_PERP,bid,59300,701.19
1726656986267,BTCUSD_PERP,bid,59300,818.77
1726656986368,BTCUSD_PERP,bid,59300,935.75
1726656986703,BTCUSD_PERP,bid,59300,994.54
1726657076351,BTCUSD_PERP,bid,59300,935.75
1726657076447,BTCUSD_PERP,bid,59300,876.96
1726657076648,BTCUSD_PERP,bid,59300,818.17
1726657076745,BTCUSD_PERP,bid,59300,759.98
1726657077369,BTCUSD_PERP,bid,59300,642.4
1726657077471,BTCUSD_PERP,bid,59400,528.79
1726657077582,BTCUSD_PERP,bid,59400,645.23
1726657077689,BTCUSD_PERP,bid,59400,704.05
1726657077792,BTCUSD_PERP,bid,59400,762.27
1726657077892,BTCUSD_PERP,bid,59400,879.32
1726657143119,BTCUSD_PERP,bid,59300,527.93
1726657450978,BTCUSD_PERP,bid,59300,878.4
1726657642015,BTCUSD_PERP,bid,59300,819.64
1726657642226,BTCUSD_PERP,bid,59300,760.88
1726657642321,BTCUSD_PERP,bid,59300,702.72
1726657642526,BTCUSD_PERP,bid,59300,527.04
1726657642634,BTCUSD_PERP,bid,59300,527.91
1726657642735,BTCUSD_PERP,bid,59300,586.1
1726657643286,BTCUSD_PERP,bid,59300,644.89
1726657643487,BTCUSD_PERP,bid,59300,761.87
1726657643582,BTCUSD_PERP,bid,59300,820.66
1726657643691,BTCUSD_PERP,bid,59300,938.14
1726657643904,BTCUSD_PERP,bid,59300,996.33
1726657662901,BTCUSD_PERP,bid,59300,937.54
1726657662995,BTCUSD_PERP,bid,59300,644.47
1726657663104,BTCUSD_PERP,bid,59300,937.07
1726657750178,BTCUSD_PERP,bid,59300,878.31
1726657750283,BTCUSD_PERP,bid,59300,819.55
1726657750482,BTCUSD_PERP,bid,59300,760.79
1726657750586,BTCUSD_PERP,bid,59300,643.37
1726657750892,BTCUSD_PERP,bid,59300,527.05
1726657751197,BTCUSD_PERP,bid,59300,644.29
1726657751396,BTCUSD_PERP,bid,59300,703.09
1726657751500,BTCUSD_PERP,bid,59300,761.89
1726657751704,BTCUSD_PERP,bid,59300,820.69
1726657752005,BTCUSD_PERP,bid,59300,995.28
1726657752213,BTCUSD_PERP,bid,59300,513.06
1726657752213,BTCUSD_PERP,bid,59300,1053.48
1726657760902,BTCUSD_PERP,bid,59300,525.16
1726657761003,BTCUSD_PERP,bid,59300,994.65
1726657989846,BTCUSD_PERP,bid,59300,877.13
1726657990048,BTCUSD_PERP,bid,59300,876.77
1726658108243,BTCUSD_PERP,bid,59300,525.04
1726658108333,BTCUSD_PERP,bid,59300,935.42
1726658349939,BTCUSD_PERP,bid,59300,760.31
1726658350041,BTCUSD_PERP,bid,59300,701.54
1726658350235,BTCUSD_PERP,bid,59300,584.6
1726658350344,BTCUSD_PERP,bid,59300,526.43
1726658351205,BTCUSD_PERP,bid,59400,526.15
1726658351432,BTCUSD_PERP,bid,59400,584.35
1726658351519,BTCUSD_PERP,bid,59400,643.15
1726658351757,BTCUSD_PERP,bid,59400,760.75
1726658386244,BTCUSD_PERP,bid,59400,701.95
1726658386352,BTCUSD_PERP,bid,59400,526.15
1726658387466,BTCUSD_PERP,bid,59400,529.1
1726658387569,BTCUSD_PERP,bid,59400,587.33
1726658387770,BTCUSD_PERP,bid,59400,703.8
1726658388081,BTCUSD_PERP,bid,59400,762.63
1726658388184,BTCUSD_PERP,bid,59400,821.46
1726658447285,BTCUSD_PERP,bid,59400,704.4
1726658447491,BTCUSD_PERP,bid,59400,645.67
1726658447595,BTCUSD_PERP,bid,59400,586.84
1726658448197,BTCUSD_PERP,bid,59400,588.48
1726658448405,BTCUSD_PERP,bid,59400,647.34
1726658448503,BTCUSD_PERP,bid,59400,706.2
1726658448603,BTCUSD_PERP,bid,59400,765.06
1726658448807,BTCUSD_PERP,bid,59400,823.32
1726658538087,BTCUSD_PERP,bid,59400,820.35
