2024-08-22 07:01:22,ETHUSDT,ask,2890,3457.333
2024-08-22 07:01:22,ETHUSDT,ask,2890,3457.349
2024-08-22 07:02:29,ETHUSDT,ask,2850,3823.998
2024-08-22 07:10:30,ETHUSDT,ask,2850,3822.592
2024-08-22 07:11:22,ETHUSDT,ask,2890,3457.333
2024-08-22 07:11:22,ETHUSDT,ask,2890,3457.317
2024-08-22 07:28:05,ETHUSDT,bid,2450,4074.484
2024-08-22 07:34:36,ETHUSDT,bid,1940,5212.316
2024-08-22 07:34:36,ETHUSDT,bid,2250,4443.705
2024-08-22 07:36:42,ETHUSDT,ask,2850,3829.609
2024-08-22 07:47:55,ETHUSDT,bid,2350,4343.42
2024-08-22 07:48:33,ETHUSDT,bid,2350,4328.42
2024-08-22 07:51:39,ETHUSDT,ask,2890,3457.327
2024-08-22 07:51:39,ETHUSDT,ask,2890,3457.337
2024-08-22 07:51:40,ETHUSDT,ask,2890,3457.347
2024-08-22 07:51:41,ETHUSDT,ask,2890,3457.357
2024-08-22 07:52:28,ETHUSDT,ask,2890,3457.357
2024-08-22 07:52:29,ETHUSDT,ask,2890,3457.347
2024-08-22 07:52:29,ETHUSDT,ask,2890,3457.337
2024-08-22 07:52:32,ETHUSDT,ask,2890,3457.327
2024-08-22 07:52:33,ETHUSDT,ask,2890,3457.317
2024-08-22 07:57:16,ETHUSDT,bid,2450,4074.443
2024-08-22 08:01:50,ETHUSDT,bid,1700,6019.98
2024-08-22 08:01:53,ETHUSDT,bid,2360,4232.24
2024-08-22 08:01:53,ETHUSDT,bid,2360,4232.231
2024-08-22 08:02:17,ETHUSDT,bid,2360,4232.231
2024-08-22 08:08:40,ETHUSDT,bid,2360,4232.24
2024-08-22 08:08:40,ETHUSDT,bid,2360,4232.24
2024-08-22 08:08:40,ETHUSDT,bid,2360,4232.25
2024-08-22 08:08:40,ETHUSDT,bid,2360,4232.259
2024-08-22 08:08:40,ETHUSDT,bid,2360,4232.259
2024-08-22 08:08:41,ETHUSDT,bid,2360,4232.268
2024-08-22 08:08:41,ETHUSDT,bid,2360,4232.268
2024-08-22 08:08:42,ETHUSDT,bid,2360,4232.277
2024-08-22 08:08:43,ETHUSDT,bid,2360,4232.286
2024-08-22 08:08:43,ETHUSDT,bid,2360,4232.286
2024-08-22 08:08:48,ETHUSDT,bid,2360,4232.277
2024-08-22 08:08:49,ETHUSDT,bid,2360,4232.268
2024-08-22 08:08:50,ETHUSDT,bid,2360,4232.259
2024-08-22 08:08:52,ETHUSDT,bid,2360,4232.25
2024-08-22 08:08:52,ETHUSDT,bid,2360,4232.241
2024-08-22 08:09:20,ETHUSDT,bid,2360,4232.231
2024-08-22 08:12:50,ETHUSDT,bid,2360,4232.24
2024-08-22 08:12:51,ETHUSDT,bid,2360,4232.24
2024-08-22 08:12:51,ETHUSDT,bid,2360,4232.25
2024-08-22 08:12:51,ETHUSDT,bid,2360,4232.259
2024-08-22 08:12:51,ETHUSDT,bid,2360,4232.268
2024-08-22 08:12:51,ETHUSDT,bid,2360,4232.277
2024-08-22 08:12:52,ETHUSDT,bid,2360,4232.277
2024-08-22 08:12:52,ETHUSDT,bid,2360,4232.286
2024-08-22 08:12:53,ETHUSDT,bid,2360,4232.295
2024-08-22 08:12:53,ETHUSDT,bid,2360,4232.295
2024-08-22 08:12:54,ETHUSDT,bid,2360,4232.295
2024-08-22 08:13:00,ETHUSDT,bid,2360,4232.286
2024-08-22 08:13:00,ETHUSDT,bid,2360,4232.277
2024-08-22 08:13:01,ETHUSDT,bid,2360,4232.268
2024-08-22 08:13:01,ETHUSDT,bid,2360,4232.259
2024-08-22 08:13:01,ETHUSDT,bid,2360,4232.25
2024-08-22 08:13:01,ETHUSDT,bid,2360,4232.241
2024-08-22 08:13:36,ETHUSDT,bid,2360,4232.231
2024-08-22 08:16:21,ETHUSDT,bid,1960,5139.933
2024-08-22 08:16:21,ETHUSDT,bid,2140,4700.486
2024-08-22 08:17:47,ETHUSDT,bid,1960,5139.912
2024-08-22 08:17:47,ETHUSDT,bid,2140,4700.465
2024-08-22 08:19:50,ETHUSDT,bid,2350,4336.42
2024-08-22 08:20:37,ETHUSDT,bid,2360,4232.241
2024-08-22 08:20:37,ETHUSDT,bid,2360,4232.241
2024-08-22 08:20:38,ETHUSDT,bid,2360,4232.241
2024-08-22 08:20:39,ETHUSDT,bid,2360,4232.241
2024-08-22 08:20:39,ETHUSDT,bid,2360,4232.25
2024-08-22 08:20:39,ETHUSDT,bid,2360,4232.259
2024-08-22 08:20:39,ETHUSDT,bid,2360,4232.268
2024-08-22 08:20:39,ETHUSDT,bid,2360,4232.277
2024-08-22 08:20:40,ETHUSDT,bid,2360,4232.286
2024-08-22 08:20:40,ETHUSDT,bid,2360,4232.295
2024-08-22 08:20:40,ETHUSDT,bid,2360,4232.304
2024-08-22 08:20:48,ETHUSDT,bid,2360,4232.286
2024-08-22 08:20:48,ETHUSDT,bid,2360,4232.277
2024-08-22 08:20:48,ETHUSDT,bid,2360,4232.268
2024-08-22 08:20:49,ETHUSDT,bid,2360,4232.259
2024-08-22 08:20:49,ETHUSDT,bid,2360,4232.25
2024-08-22 08:20:49,ETHUSDT,bid,2360,4232.241
2024-08-22 08:21:27,ETHUSDT,bid,2360,4232.231
2024-08-22 08:24:24,ETHUSDT,bid,2360,4232.241
2024-08-22 08:24:25,ETHUSDT,bid,2360,4232.251
2024-08-22 08:24:25,ETHUSDT,bid,2360,4232.261
2024-08-22 08:24:35,ETHUSDT,ask,2850,3829.584
2024-08-22 08:25:24,ETHUSDT,ask,2850,3829.304
2024-08-22 08:25:24,ETHUSDT,bid,2360,4232.251
2024-08-22 08:25:25,ETHUSDT,bid,2360,4232.241
2024-08-22 08:25:28,ETHUSDT,bid,2360,4232.231
2024-08-22 08:25:55,ETHUSDT,ask,2850,3829.295
2024-08-22 08:31:08,ETHUSDT,bid,2360,4232.241
2024-08-22 08:31:11,ETHUSDT,bid,2360,4232.241
2024-08-22 08:31:11,ETHUSDT,bid,2360,4232.259
2024-08-22 08:31:12,ETHUSDT,bid,2360,4232.268
2024-08-22 08:31:12,ETHUSDT,bid,2360,4232.268
2024-08-22 08:31:20,ETHUSDT,bid,2360,4232.25
2024-08-22 08:31:21,ETHUSDT,bid,2360,4232.241
2024-08-22 08:31:31,ETHUSDT,bid,2360,4232.251
2024-08-22 08:32:02,ETHUSDT,bid,2360,4232.261
2024-08-22 08:32:03,ETHUSDT,bid,2360,4232.261
2024-08-22 08:32:05,ETHUSDT,bid,2360,4232.251
2024-08-22 08:32:27,ETHUSDT,bid,2360,4232.241
2024-08-22 08:32:52,ETHUSDT,bid,2360,4232.231
2024-08-22 08:39:21,ETHUSDT,bid,2360,4232.231
2024-08-22 08:41:49,ETHUSDT,bid,2360,4232.241
2024-08-22 08:41:54,ETHUSDT,bid,2360,4232.241
2024-08-22 08:41:55,ETHUSDT,bid,2360,4232.241
2024-08-22 08:41:56,ETHUSDT,bid,2360,4232.259
2024-08-22 08:41:56,ETHUSDT,bid,2360,4232.259
2024-08-22 08:41:57,ETHUSDT,bid,2360,4232.259
2024-08-22 08:41:58,ETHUSDT,bid,2360,4232.259
2024-08-22 08:41:59,ETHUSDT,bid,2360,4232.268
2024-08-22 08:41:59,ETHUSDT,bid,2360,4232.268
2024-08-22 08:41:59,ETHUSDT,bid,2360,4232.277
2024-08-22 08:41:59,ETHUSDT,bid,2360,4232.286
2024-08-22 08:41:59,ETHUSDT,bid,2360,4232.295
2024-08-22 08:41:59,ETHUSDT,bid,2360,4232.304
2024-08-22 08:42:00,ETHUSDT,bid,2360,4232.313
2024-08-22 08:42:00,ETHUSDT,bid,2360,4232.313
2024-08-22 08:42:00,ETHUSDT,bid,2360,4232.322
2024-08-22 08:42:01,ETHUSDT,bid,2360,4232.322
2024-08-22 08:42:01,ETHUSDT,bid,2360,4232.331
2024-08-22 08:42:01,ETHUSDT,bid,2360,4232.34
2024-08-22 08:42:02,ETHUSDT,bid,2360,4232.349
2024-08-22 08:42:02,ETHUSDT,bid,2360,4232.358
2024-08-22 08:42:02,ETHUSDT,bid,2360,4232.359
2024-08-22 08:42:03,ETHUSDT,bid,2360,4232.359
2024-08-22 08:42:05,ETHUSDT,bid,2360,4232.341
2024-08-22 08:42:07,ETHUSDT,bid,2360,4232.332
2024-08-22 08:42:08,ETHUSDT,bid,2360,4232.323
2024-08-22 08:42:09,ETHUSDT,bid,2360,4232.314
2024-08-22 08:42:09,ETHUSDT,bid,2360,4232.305
2024-08-22 08:42:09,ETHUSDT,bid,2360,4232.287
2024-08-22 08:42:09,ETHUSDT,bid,2360,4232.278
2024-08-22 08:42:10,ETHUSDT,bid,2360,4232.269
2024-08-22 08:42:10,ETHUSDT,bid,2360,4232.26
2024-08-22 08:42:11,ETHUSDT,bid,2360,4232.251
2024-08-22 08:42:34,ETHUSDT,bid,2360,4232.241
2024-08-22 08:42:36,ETHUSDT,bid,2360,4232.25
2024-08-22 08:42:36,ETHUSDT,bid,2360,4232.259
2024-08-22 08:42:36,ETHUSDT,bid,2360,4232.277
2024-08-22 08:42:36,ETHUSDT,bid,2360,4232.277
2024-08-22 08:42:36,ETHUSDT,bid,2360,4232.286
2024-08-22 08:42:37,ETHUSDT,bid,2360,4232.286
2024-08-22 08:42:37,ETHUSDT,bid,2360,4232.295
2024-08-22 08:42:38,ETHUSDT,bid,2360,4232.313
2024-08-22 08:42:44,ETHUSDT,bid,2360,4232.304
2024-08-22 08:42:44,ETHUSDT,bid,2360,4232.295
2024-08-22 08:42:45,ETHUSDT,bid,2360,4232.286
2024-08-22 08:42:45,ETHUSDT,bid,2360,4232.277
2024-08-22 08:42:46,ETHUSDT,bid,2360,4232.268
2024-08-22 08:42:46,ETHUSDT,bid,2360,4232.259
2024-08-22 08:42:47,ETHUSDT,bid,2360,4232.241
2024-08-22 08:42:50,ETHUSDT,bid,2360,4232.231
2024-08-22 08:45:31,ETHUSDT,bid,2360,4232.241
2024-08-22 08:46:22,ETHUSDT,bid,2360,4232.231
2024-08-22 08:46:28,ETHUSDT,bid,2360,4232.231
2024-08-22 08:46:29,ETHUSDT,bid,2360,4232.241
2024-08-22 08:46:29,ETHUSDT,bid,2360,4232.25
2024-08-22 08:46:29,ETHUSDT,bid,2360,4232.25
2024-08-22 08:46:30,ETHUSDT,bid,2360,4232.259
2024-08-22 08:46:30,ETHUSDT,bid,2360,4232.268
2024-08-22 08:46:30,ETHUSDT,bid,2360,4232.268
2024-08-22 08:46:38,ETHUSDT,bid,2360,4232.259
2024-08-22 08:46:39,ETHUSDT,bid,2360,4232.25
2024-08-22 08:46:39,ETHUSDT,bid,2360,4232.241
2024-08-22 08:47:13,ETHUSDT,bid,2360,4232.231
2024-08-22 08:55:51,ETHUSDT,bid,2360,4232.241
2024-08-22 08:55:53,ETHUSDT,bid,2360,4232.251
2024-08-22 08:56:24,ETHUSDT,bid,2360,4232.241
2024-08-22 08:56:27,ETHUSDT,bid,2360,4232.231
2024-08-22 09:24:22,ETHUSDT,bid,2340,4280.598
2024-08-22 09:33:19,ETHUSDT,ask,2850,3834.795
2024-08-22 09:50:16,ETHUSDT,ask,2850,3833.795
2024-08-22 09:51:14,ETHUSDT,bid,2340,4280.598
2024-08-22 09:51:17,ETHUSDT,bid,2340,4280.598
2024-08-22 09:53:45,ETHUSDT,bid,2290,4364.874
2024-08-22 09:54:31,ETHUSDT,bid,2350,4337.62
2024-08-22 09:55:53,ETHUSDT,bid,1940,5152.349
2024-08-22 09:56:42,ETHUSDT,bid,1940,5162.349
2024-08-22 10:03:20,ETHUSDT,bid,2230,4529.574
2024-08-22 10:04:43,ETHUSDT,bid,1700,6020.019
2024-08-22 10:04:43,ETHUSDT,bid,1960,5139.946
2024-08-22 10:04:43,ETHUSDT,bid,2140,4700.496
2024-08-22 10:04:43,ETHUSDT,ask,2850,3827.888
2024-08-22 10:05:05,ETHUSDT,bid,2340,4280.607
2024-08-22 10:05:14,ETHUSDT,bid,2340,4280.598
2024-08-22 10:11:09,ETHUSDT,bid,2270,4429.934
2024-08-22 10:15:24,ETHUSDT,bid,2290,4364.835
2024-08-22 10:15:24,ETHUSDT,ask,2850,3827.857
2024-08-22 10:16:06,ETHUSDT,bid,1960,5141.986
2024-08-22 10:16:19,ETHUSDT,ask,2850,3827.229
2024-08-22 10:18:38,ETHUSDT,bid,1700,6028.835
2024-08-22 10:24:16,ETHUSDT,ask,2850,3827.275
2024-08-22 10:33:14,ETHUSDT,bid,2350,4329.62
2024-08-22 10:43:42,ETHUSDT,bid,2200,4587.983
2024-08-22 10:46:25,ETHUSDT,bid,2340,4280.64
2024-08-22 10:46:33,ETHUSDT,bid,2340,4280.598
2024-08-22 10:47:01,ETHUSDT,bid,2340,4280.64
2024-08-22 10:54:41,ETHUSDT,ask,2850,3826.607
2024-08-22 11:00:20,ETHUSDT,ask,2850,3827.275
2024-08-22 11:06:16,ETHUSDT,bid,2350,4328.984
2024-08-22 11:15:07,ETHUSDT,bid,1940,5212.216
2024-08-22 11:15:07,ETHUSDT,bid,2250,4443.605
2024-08-22 11:20:44,ETHUSDT,bid,2350,4328.984
2024-08-22 11:21:12,ETHUSDT,bid,2350,4328.984
2024-08-22 11:27:11,ETHUSDT,ask,2850,3827.599
2024-08-22 11:28:05,ETHUSDT,bid,2350,4328.994
2024-08-22 11:28:47,ETHUSDT,bid,2350,4328.984
2024-08-22 11:28:58,ETHUSDT,bid,2340,4280.623
2024-08-22 11:30:34,ETHUSDT,bid,2350,4328.964
2024-08-22 11:32:26,ETHUSDT,bid,1960,5142.017
2024-08-22 11:32:26,ETHUSDT,bid,2140,4700.527
2024-08-22 11:41:28,ETHUSDT,bid,2350,4328.974
2024-08-22 11:42:17,ETHUSDT,bid,2350,4328.964
2024-08-22 11:45:58,ETHUSDT,bid,2350,4326.964
2024-08-22 12:02:35,ETHUSDT,ask,2850,3827.588
2024-08-22 12:20:59,ETHUSDT,bid,1940,5212.203
2024-08-22 12:20:59,ETHUSDT,bid,2250,4443.592
2024-08-22 12:24:07,ETHUSDT,ask,2850,3827.413
2024-08-22 12:24:34,ETHUSDT,bid,2340,4280.581
2024-08-22 12:24:36,ETHUSDT,bid,1960,5141.986
2024-08-22 12:24:36,ETHUSDT,bid,2140,4700.496
2024-08-22 12:28:41,ETHUSDT,bid,2140,4700.481
2024-08-22 12:28:41,ETHUSDT,ask,2850,3827.398
2024-08-22 12:42:46,ETHUSDT,bid,1700,6020.019
2024-08-22 12:46:23,ETHUSDT,ask,2850,3827.898
2024-08-22 12:46:47,ETHUSDT,ask,2850,3828.284
2024-08-22 12:47:36,ETHUSDT,bid,2350,4326.974
2024-08-22 12:49:01,ETHUSDT,bid,2350,4326.964
2024-08-22 13:03:29,ETHUSDT,ask,2850,3828.299
2024-08-22 13:15:09,ETHUSDT,bid,2230,4604.574
2024-08-22 13:18:34,ETHUSDT,bid,2350,4325.964
2024-08-22 13:18:39,ETHUSDT,bid,2360,4232.241
2024-08-22 13:19:27,ETHUSDT,bid,2230,4529.574
2024-08-22 13:19:44,ETHUSDT,bid,2360,4232.231
2024-08-22 13:30:49,ETHUSDT,ask,2850,3827.913
2024-08-22 13:39:36,ETHUSDT,ask,2910,3455.295
2024-08-22 13:40:37,ETHUSDT,ask,2850,3827.663
2024-08-22 13:49:03,ETHUSDT,bid,2360,4232.241
2024-08-22 13:49:04,ETHUSDT,bid,2360,4232.251
2024-08-22 13:49:25,ETHUSDT,bid,2360,4232.251
2024-08-22 13:49:26,ETHUSDT,bid,2360,4232.251
2024-08-22 13:49:29,ETHUSDT,bid,2360,4232.261
2024-08-22 13:49:49,ETHUSDT,ask,2850,3827.463
2024-08-22 13:50:04,ETHUSDT,bid,2360,4232.27
2024-08-22 13:50:04,ETHUSDT,bid,2360,4232.261
2024-08-22 13:50:05,ETHUSDT,bid,2360,4232.261
2024-08-22 13:50:06,ETHUSDT,bid,2360,4232.261
2024-08-22 13:50:07,ETHUSDT,bid,2360,4232.27
2024-08-22 13:50:08,ETHUSDT,bid,2360,4232.279
2024-08-22 13:50:08,ETHUSDT,bid,2360,4232.288
2024-08-22 13:50:09,ETHUSDT,bid,2360,4232.297
2024-08-22 13:50:09,ETHUSDT,bid,2360,4232.297
2024-08-22 13:50:10,ETHUSDT,bid,2360,4232.297
2024-08-22 13:50:11,ETHUSDT,bid,2360,4232.306
2024-08-22 13:50:11,ETHUSDT,bid,2360,4232.315
2024-08-22 13:50:11,ETHUSDT,bid,2360,4232.315
2024-08-22 13:50:11,ETHUSDT,bid,2360,4232.324
2024-08-22 13:50:11,ETHUSDT,bid,2360,4232.333
2024-08-22 13:50:12,ETHUSDT,bid,2360,4232.342
2024-08-22 13:50:12,ETHUSDT,bid,2360,4232.351
2024-08-22 13:50:12,ETHUSDT,bid,2360,4232.36
2024-08-22 13:50:13,ETHUSDT,bid,2360,4232.369
2024-08-22 13:50:13,ETHUSDT,bid,2360,4232.369
2024-08-22 13:50:14,ETHUSDT,bid,2360,4232.369
2024-08-22 13:50:16,ETHUSDT,bid,2360,4232.36
2024-08-22 13:50:16,ETHUSDT,bid,2360,4232.35
2024-08-22 13:50:17,ETHUSDT,bid,2360,4232.341
2024-08-22 13:50:17,ETHUSDT,bid,2360,4232.332
2024-08-22 13:50:18,ETHUSDT,bid,2360,4232.322
2024-08-22 13:50:18,ETHUSDT,bid,2360,4232.313
2024-08-22 13:50:20,ETHUSDT,bid,2360,4232.304
2024-08-22 13:50:20,ETHUSDT,bid,2360,4232.295
2024-08-22 13:50:20,ETHUSDT,bid,2360,4232.286
2024-08-22 13:50:20,ETHUSDT,bid,2360,4232.277
2024-08-22 13:50:21,ETHUSDT,bid,2360,4232.268
2024-08-22 13:50:21,ETHUSDT,bid,2360,4232.259
2024-08-22 13:50:21,ETHUSDT,bid,2360,4232.25
2024-08-22 13:50:22,ETHUSDT,bid,2360,4232.241
2024-08-22 13:50:34,ETHUSDT,bid,2360,4232.231
2024-08-22 13:51:18,ETHUSDT,bid,2360,4232.241
2024-08-22 13:51:22,ETHUSDT,bid,2360,4232.251
2024-08-22 13:51:35,ETHUSDT,bid,2360,4232.251
2024-08-22 13:51:35,ETHUSDT,bid,2360,4232.261
2024-08-22 13:51:44,ETHUSDT,bid,2360,4232.271
2024-08-22 13:52:18,ETHUSDT,bid,2360,4232.261
2024-08-22 13:52:24,ETHUSDT,bid,2360,4232.251
2024-08-22 13:52:51,ETHUSDT,bid,2360,4232.241
2024-08-22 13:53:03,ETHUSDT,bid,2360,4232.231
2024-08-22 13:55:25,ETHUSDT,ask,2850,3827.722
2024-08-22 13:58:28,ETHUSDT,bid,2360,4232.24
2024-08-22 13:58:37,ETHUSDT,bid,2360,4232.231
2024-08-22 14:04:12,ETHUSDT,ask,2890,3457.327
2024-08-22 14:05:01,ETHUSDT,ask,2890,3457.317
2024-08-22 14:05:45,ETHUSDT,ask,2890,3457.327
2024-08-22 14:06:23,ETHUSDT,ask,2890,3457.317
2024-08-22 14:06:27,ETHUSDT,ask,2890,3457.327
2024-08-22 14:06:30,ETHUSDT,ask,2890,3457.337
2024-08-22 14:07:42,ETHUSDT,ask,2890,3457.327
2024-08-22 14:07:43,ETHUSDT,ask,2890,3457.317
2024-08-22 14:21:15,ETHUSDT,bid,2340,4280.683
2024-08-22 14:45:24,ETHUSDT,ask,2890,3457.327
2024-08-22 14:45:25,ETHUSDT,ask,2890,3457.337
2024-08-22 14:45:25,ETHUSDT,ask,2890,3457.347
2024-08-22 14:45:38,ETHUSDT,bid,2140,4700.505
2024-08-22 14:45:38,ETHUSDT,bid,2270,4429.958
2024-08-22 14:45:38,ETHUSDT,bid,2350,4325.988
2024-08-22 14:46:19,ETHUSDT,ask,2890,3457.337
2024-08-22 14:46:19,ETHUSDT,ask,2890,3457.327
2024-08-22 14:46:19,ETHUSDT,ask,2890,3457.317
2024-08-22 14:57:05,ETHUSDT,bid,2230,4494.574
2024-08-22 14:57:32,ETHUSDT,ask,2910,3455.296
2024-08-22 15:17:21,ETHUSDT,ask,2850,3830.823
2024-08-22 15:18:02,ETHUSDT,ask,2890,3457.327
2024-08-22 15:18:02,ETHUSDT,ask,2890,3457.337
2024-08-22 15:18:02,ETHUSDT,ask,2890,3457.347
2024-08-22 15:18:47,ETHUSDT,ask,2890,3457.337
2024-08-22 15:18:49,ETHUSDT,ask,2890,3457.327
2024-08-22 15:18:50,ETHUSDT,ask,2890,3457.317
2024-08-22 15:28:47,ETHUSDT,ask,2900,3443.001
2024-08-22 15:38:05,ETHUSDT,ask,2850,3830.179
2024-08-22 15:47:09,ETHUSDT,bid,2270,4431.091
2024-08-22 15:47:09,ETHUSDT,ask,2850,3831.083
2024-08-22 15:48:19,ETHUSDT,bid,2140,4701.439
2024-08-22 15:53:25,ETHUSDT,bid,2270,4429.958
2024-08-22 15:53:25,ETHUSDT,ask,2850,3830.179
2024-08-22 15:56:32,ETHUSDT,bid,2140,4701.449
2024-08-22 15:56:44,ETHUSDT,ask,2850,3830.164
2024-08-22 16:05:31,ETHUSDT,ask,2850,3827.063
2024-08-22 16:08:26,ETHUSDT,ask,2890,3457.327
2024-08-22 16:09:51,ETHUSDT,ask,2890,3457.327
2024-08-22 16:09:55,ETHUSDT,ask,2890,3457.317
2024-08-22 16:11:25,ETHUSDT,bid,1700,6020.168
2024-08-22 16:11:25,ETHUSDT,ask,2850,3827.152
2024-08-22 16:11:32,ETHUSDT,ask,2850,3827.161
2024-08-22 16:17:23,ETHUSDT,bid,2140,4701.469
2024-08-22 16:17:28,ETHUSDT,bid,2360,4232.24
2024-08-22 16:17:37,ETHUSDT,bid,2360,4232.231
2024-08-22 16:19:40,ETHUSDT,bid,2350,4325.997
2024-08-22 16:25:58,ETHUSDT,bid,2140,4700.535
2024-08-22 16:27:50,ETHUSDT,bid,2140,4702.787
2024-08-22 16:31:27,ETHUSDT,bid,2140,4700.535
2024-08-22 16:43:19,ETHUSDT,bid,2350,4325.988
2024-08-22 16:50:49,ETHUSDT,bid,2290,4364.085
2024-08-22 16:53:58,ETHUSDT,bid,1960,5156.986
2024-08-22 16:54:47,ETHUSDT,bid,2360,4232.241
2024-08-22 16:54:47,ETHUSDT,bid,2360,4232.251
2024-08-22 16:54:48,ETHUSDT,bid,2360,4232.261
2024-08-22 16:55:33,ETHUSDT,bid,2360,4232.251
2024-08-22 16:55:33,ETHUSDT,bid,2360,4232.241
2024-08-22 16:55:33,ETHUSDT,bid,2360,4232.231
2024-08-22 16:58:02,ETHUSDT,bid,2340,4280.833
2024-08-22 16:58:33,ETHUSDT,ask,2850,3827.17
2024-08-22 17:11:21,ETHUSDT,bid,2270,4428.611
2024-08-22 17:17:11,ETHUSDT,bid,2360,4232.231
2024-08-22 17:17:12,ETHUSDT,bid,2360,4232.231
2024-08-22 17:17:13,ETHUSDT,bid,2360,4232.231
2024-08-22 17:17:14,ETHUSDT,bid,2360,4232.231
2024-08-22 17:17:15,ETHUSDT,bid,2360,4232.231
2024-08-22 17:17:16,ETHUSDT,bid,2360,4232.231
2024-08-22 17:17:17,ETHUSDT,bid,2360,4232.231
2024-08-22 17:17:18,ETHUSDT,bid,2360,4232.231
2024-08-22 17:17:19,ETHUSDT,bid,2360,4232.231
2024-08-22 17:17:25,ETHUSDT,bid,2360,4232.241
2024-08-22 17:17:26,ETHUSDT,bid,2360,4232.241
2024-08-22 17:18:36,ETHUSDT,bid,2360,4232.231
2024-08-22 17:31:52,ETHUSDT,ask,2890,3457.317
2024-08-22 17:33:10,ETHUSDT,ask,2850,3826.61
2024-08-22 17:35:53,ETHUSDT,bid,2340,4280.683
2024-08-22 17:43:47,ETHUSDT,ask,2850,3833.627
2024-08-22 17:55:04,ETHUSDT,bid,1700,6020.074
2024-08-22 17:56:08,ETHUSDT,ask,2850,3833.767
2024-08-22 17:56:14,ETHUSDT,ask,2850,3833.627
2024-08-22 17:56:22,ETHUSDT,ask,2850,3833.697
2024-08-22 17:57:17,ETHUSDT,ask,2850,3833.627
2024-08-22 17:57:21,ETHUSDT,ask,2850,3833.509
2024-08-22 18:00:27,ETHUSDT,bid,2270,4428.591
2024-08-22 18:00:27,ETHUSDT,ask,2850,3833.493
2024-08-22 18:18:14,ETHUSDT,ask,2850,3833.482
2024-08-22 18:26:59,ETHUSDT,ask,2850,3833.441
2024-08-22 18:30:16,ETHUSDT,bid,1700,6019.81
2024-08-22 18:37:37,ETHUSDT,ask,2850,3833.511
2024-08-22 18:39:54,ETHUSDT,bid,2140,4700.545
2024-08-22 18:39:54,ETHUSDT,ask,2850,3833.521
2024-08-22 18:42:16,ETHUSDT,ask,2850,3831.021
2024-08-22 18:46:24,ETHUSDT,ask,2850,3831.136
2024-08-22 18:47:47,ETHUSDT,bid,2140,4700.535
2024-08-22 18:47:47,ETHUSDT,ask,2850,3831.126
2024-08-22 19:07:22,ETHUSDT,bid,1960,5156.955
2024-08-22 19:11:03,ETHUSDT,bid,2140,4700.511
2024-08-22 19:11:03,ETHUSDT,bid,2270,4428.567
2024-08-22 19:11:03,ETHUSDT,bid,2350,4325.964
2024-08-22 19:15:19,ETHUSDT,bid,2250,4445.49
2024-08-22 19:25:11,ETHUSDT,bid,2250,4443.592
2024-08-22 19:26:02,ETHUSDT,bid,2580,5013.999
2024-08-22 19:29:27,ETHUSDT,bid,1940,5152.349
2024-08-22 19:30:21,ETHUSDT,bid,2200,4590.254
2024-08-22 19:33:04,ETHUSDT,bid,1700,6019.866
2024-08-22 19:41:33,ETHUSDT,bid,1700,6019.81
2024-08-22 19:43:26,ETHUSDT,bid,1700,6019.626
2024-08-22 19:44:05,ETHUSDT,bid,2360,4232.247
2024-08-22 19:54:05,ETHUSDT,bid,2360,4232.231
2024-08-22 19:56:25,ETHUSDT,ask,2850,3831.212
2024-08-22 19:56:44,ETHUSDT,bid,2350,4326.176
2024-08-22 20:01:28,ETHUSDT,bid,2360,4232.241
2024-08-22 20:02:19,ETHUSDT,bid,2360,4232.231
2024-08-22 20:02:39,ETHUSDT,bid,1960,5156.355
2024-08-22 20:05:38,ETHUSDT,bid,2360,4232.231
2024-08-22 20:05:39,ETHUSDT,bid,2360,4232.24
2024-08-22 20:05:40,ETHUSDT,bid,2360,4232.258
2024-08-22 20:05:40,ETHUSDT,bid,2360,4232.249
2024-08-22 20:05:41,ETHUSDT,bid,2360,4232.249
2024-08-22 20:05:48,ETHUSDT,bid,2360,4232.24
2024-08-22 20:05:49,ETHUSDT,bid,2360,4232.231
2024-08-22 20:06:07,ETHUSDT,bid,2360,4232.241
2024-08-22 20:07:12,ETHUSDT,bid,2360,4232.231
2024-08-22 20:11:06,ETHUSDT,bid,2360,4232.431
2024-08-22 20:14:06,ETHUSDT,bid,2270,4428.557
2024-08-22 20:20:20,ETHUSDT,bid,2140,4700.521
2024-08-22 20:20:20,ETHUSDT,ask,2850,3831.222
2024-08-22 20:27:33,ETHUSDT,bid,1960,5156.382
2024-08-22 20:27:33,ETHUSDT,bid,2140,4700.545
2024-08-22 20:29:11,ETHUSDT,bid,2360,4232.447
2024-08-22 20:29:11,ETHUSDT,bid,2360,4232.456
2024-08-22 20:29:11,ETHUSDT,bid,2360,4232.481
2024-08-22 20:29:12,ETHUSDT,bid,2360,4232.49
2024-08-22 20:29:12,ETHUSDT,bid,2360,4232.49
2024-08-22 20:29:20,ETHUSDT,bid,2360,4232.481
2024-08-22 20:29:20,ETHUSDT,bid,2360,4232.472
2024-08-22 20:29:21,ETHUSDT,bid,2360,4232.463
2024-08-22 20:32:46,ETHUSDT,bid,2360,4232.473
2024-08-22 20:32:57,ETHUSDT,bid,2360,4232.463
2024-08-22 20:34:49,ETHUSDT,bid,2360,4232.473
2024-08-22 20:35:00,ETHUSDT,bid,2360,4232.482
2024-08-22 20:35:00,ETHUSDT,bid,2360,4232.473
2024-08-22 20:35:23,ETHUSDT,bid,2360,4232.463
2024-08-22 20:39:06,ETHUSDT,bid,2360,4232.431
2024-08-22 20:44:07,ETHUSDT,ask,2900,3442.991
2024-08-22 20:48:21,ETHUSDT,bid,2140,4700.555
2024-08-22 20:48:21,ETHUSDT,ask,2850,3831.254
2024-08-22 20:53:39,ETHUSDT,ask,2890,3457.305
2024-08-22 20:58:56,ETHUSDT,ask,2850,3833.314
2024-08-22 21:01:44,ETHUSDT,bid,2350,4326.176
2024-08-22 21:01:53,ETHUSDT,bid,2350,4326.186
2024-08-22 21:02:00,ETHUSDT,bid,1700,6021.268
2024-08-22 21:02:19,ETHUSDT,bid,1700,6019.626
2024-08-22 21:02:31,ETHUSDT,bid,2350,4326.176
2024-08-22 21:03:26,ETHUSDT,bid,1700,6021.833
2024-08-22 21:07:50,ETHUSDT,ask,2850,3832.943
2024-08-22 21:09:00,ETHUSDT,bid,1700,6019.626
2024-08-22 21:18:13,ETHUSDT,ask,2850,3832.961
2024-08-22 21:28:09,ETHUSDT,ask,2850,3829.18
2024-08-22 21:30:59,ETHUSDT,bid,2560,10010.008
2024-08-22 21:30:59,ETHUSDT,bid,2560,21704.321
2024-08-22 21:35:58,ETHUSDT,ask,2850,3829.11
2024-08-22 21:36:53,ETHUSDT,ask,2660,15021.328
2024-08-22 21:37:08,ETHUSDT,bid,2560,19507.103
2024-08-22 21:41:58,ETHUSDT,bid,2350,4326.323
2024-08-22 21:43:24,ETHUSDT,bid,2250,4447.441
2024-08-22 21:43:30,ETHUSDT,bid,2270,4429.557
2024-08-22 21:44:11,ETHUSDT,bid,2250,4443.592
2024-08-22 21:44:27,ETHUSDT,bid,2250,4448.033
2024-08-22 21:44:30,ETHUSDT,bid,2270,4429.614
2024-08-22 21:45:26,ETHUSDT,bid,2250,4443.592
2024-08-22 21:47:11,ETHUSDT,bid,2340,4280.693
2024-08-22 21:47:19,ETHUSDT,bid,2340,4280.683
2024-08-22 21:48:19,ETHUSDT,bid,2140,4702.891
2024-08-22 21:50:24,ETHUSDT,bid,2340,4280.701
2024-08-22 21:50:24,ETHUSDT,bid,2340,4280.71
2024-08-22 21:50:32,ETHUSDT,bid,2340,4280.692
2024-08-22 21:50:33,ETHUSDT,bid,2340,4280.683
2024-08-22 21:53:06,ETHUSDT,bid,2340,4280.693
2024-08-22 21:53:41,ETHUSDT,bid,2340,4280.683
2024-08-22 21:56:23,ETHUSDT,bid,2270,4428.614
2024-08-22 21:56:45,ETHUSDT,bid,1700,6019.72
2024-08-22 21:57:49,ETHUSDT,bid,2270,4428.942
2024-08-22 21:58:08,ETHUSDT,bid,2350,4326.152
2024-08-22 22:07:33,ETHUSDT,bid,2550,19552.123
2024-08-22 22:08:01,ETHUSDT,bid,2550,19550.113
2024-08-22 22:13:14,ETHUSDT,bid,2270,4429.942
2024-08-22 22:17:12,ETHUSDT,bid,2140,4702.901
2024-08-22 22:19:11,ETHUSDT,bid,1960,5156.393
2024-08-22 22:25:28,ETHUSDT,bid,2350,4326.168
2024-08-22 22:25:28,ETHUSDT,ask,2850,3829.283
2024-08-22 22:27:14,ETHUSDT,bid,2340,4280.693
2024-08-22 22:27:50,ETHUSDT,bid,2340,4280.683
2024-08-22 22:28:49,ETHUSDT,bid,2340,4280.693
2024-08-22 22:28:56,ETHUSDT,bid,2340,4280.703
2024-08-22 22:29:38,ETHUSDT,bid,2340,4280.693
2024-08-22 22:29:47,ETHUSDT,bid,2340,4280.683
2024-08-22 22:32:17,ETHUSDT,bid,1700,6019.664
2024-08-22 22:32:17,ETHUSDT,bid,2270,4429.9
2024-08-22 22:34:39,ETHUSDT,bid,2340,4280.581
2024-08-22 22:46:16,ETHUSDT,bid,2350,4326.229
2024-08-22 22:50:43,ETHUSDT,bid,2350,4328.683
2024-08-22 22:52:07,ETHUSDT,bid,2140,4701.001
2024-08-22 22:52:07,ETHUSDT,ask,2850,3827.383
2024-08-22 22:52:11,ETHUSDT,bid,2140,4700.077
2024-08-22 22:52:11,ETHUSDT,ask,2850,3826.459
2024-08-22 22:55:06,ETHUSDT,bid,2340,4280.592
2024-08-22 22:56:49,ETHUSDT,bid,2540,3931.018
2024-08-22 23:00:04,ETHUSDT,ask,2640,7547.312
2024-08-22 23:00:12,ETHUSDT,ask,2910,3455.295
2024-08-22 23:01:41,ETHUSDT,bid,2590,7355.954
2024-08-22 23:01:41,ETHUSDT,bid,2590,7331.15
2024-08-22 23:01:42,ETHUSDT,bid,2590,7330.95
2024-08-22 23:01:47,ETHUSDT,bid,2590,4889.414
2024-08-22 23:01:47,ETHUSDT,bid,2590,4894.495
2024-08-22 23:01:47,ETHUSDT,bid,2590,4889.532
2024-08-22 23:04:08,ETHUSDT,ask,2850,3826.486
2024-08-22 23:07:20,ETHUSDT,bid,2340,4280.602
2024-08-22 23:07:57,ETHUSDT,bid,2340,4280.592
2024-08-22 23:08:10,ETHUSDT,bid,2340,4280.592
2024-08-22 23:08:10,ETHUSDT,bid,2340,4280.592
2024-08-22 23:08:11,ETHUSDT,bid,2340,4280.601
2024-08-22 23:08:11,ETHUSDT,bid,2340,4280.592
2024-08-22 23:08:11,ETHUSDT,bid,2340,4280.602
2024-08-22 23:08:13,ETHUSDT,bid,2340,4280.611
2024-08-22 23:08:22,ETHUSDT,bid,2340,4280.602
2024-08-22 23:09:03,ETHUSDT,bid,2340,4280.592
2024-08-22 23:10:16,ETHUSDT,ask,2850,3826.464
2024-08-22 23:17:32,ETHUSDT,ask,2640,15156.491
2024-08-22 23:17:46,ETHUSDT,bid,2540,21804.396
2024-08-22 23:19:50,ETHUSDT,bid,2540,21784.28
2024-08-22 23:19:56,ETHUSDT,bid,2340,4280.602
2024-08-22 23:20:05,ETHUSDT,bid,2540,11784.28
2024-08-22 23:20:30,ETHUSDT,bid,2340,4280.592
2024-08-22 23:21:00,ETHUSDT,bid,2550,21785.972
2024-08-22 23:21:34,ETHUSDT,bid,2550,21746.257
2024-08-22 23:21:48,ETHUSDT,bid,2140,4701.277
2024-08-22 23:21:52,ETHUSDT,ask,2650,15084.622
2024-08-22 23:22:09,ETHUSDT,bid,2550,21754.247
2024-08-22 23:26:42,ETHUSDT,ask,2850,3826.504
2024-08-22 23:28:20,ETHUSDT,ask,2850,3827.004
2024-08-22 23:29:04,ETHUSDT,ask,2650,15081.495
2024-08-22 23:29:18,ETHUSDT,bid,2550,21731.92
2024-08-22 23:31:55,ETHUSDT,bid,2350,4308.683
2024-08-22 23:32:18,ETHUSDT,ask,2890,3457.305
2024-08-22 23:57:40,ETHUSDT,bid,1950,5122.245
2024-08-22 23:57:50,ETHUSDT,bid,1950,5118.408
2024-08-23 00:39:35,ETHUSDT,bid,2200,4592.254
2024-08-23 00:42:49,ETHUSDT,ask,2850,3833.703
2024-08-23 00:44:35,ETHUSDT,bid,2140,4701.267
2024-08-23 00:44:35,ETHUSDT,ask,2850,3833.693
2024-08-23 00:48:01,ETHUSDT,bid,2200,4593.162
2024-08-23 00:55:09,ETHUSDT,bid,2340,4280.602
2024-08-23 00:55:09,ETHUSDT,bid,2340,4280.612
2024-08-23 00:56:02,ETHUSDT,bid,2340,4280.602
2024-08-23 00:56:02,ETHUSDT,bid,2340,4280.592
2024-08-23 00:59:53,ETHUSDT,bid,2350,4327.933
2024-08-23 01:19:08,ETHUSDT,ask,2850,3833.136
2024-08-23 01:47:17,ETHUSDT,bid,2350,4327.942
2024-08-23 01:47:17,ETHUSDT,bid,2350,4327.958
2024-08-23 01:47:17,ETHUSDT,bid,2350,4327.974
2024-08-23 01:47:17,ETHUSDT,bid,2350,4327.99
2024-08-23 01:47:17,ETHUSDT,bid,2350,4328.006
2024-08-23 01:47:17,ETHUSDT,bid,2350,4328.006
2024-08-23 01:47:18,ETHUSDT,bid,2350,4328.015
2024-08-23 01:47:25,ETHUSDT,bid,2350,4328.025
2024-08-23 01:47:25,ETHUSDT,bid,2350,4328.025
2024-08-23 01:47:26,ETHUSDT,bid,2350,4328.025
2024-08-23 01:47:27,ETHUSDT,bid,2350,4328.016
2024-08-23 01:47:35,ETHUSDT,bid,2350,4328.007
2024-08-23 01:48:17,ETHUSDT,bid,2350,4327.997
2024-08-23 01:48:50,ETHUSDT,bid,2350,4328.006
2024-08-23 01:48:50,ETHUSDT,bid,2350,4328.006
2024-08-23 01:48:51,ETHUSDT,bid,2350,4328.006
2024-08-23 01:48:52,ETHUSDT,bid,2350,4328.015
2024-08-23 01:48:53,ETHUSDT,bid,2350,4328.024
2024-08-23 01:48:53,ETHUSDT,bid,2350,4328.033
2024-08-23 01:48:53,ETHUSDT,bid,2350,4328.042
2024-08-23 01:48:54,ETHUSDT,bid,2350,4328.051
2024-08-23 01:48:54,ETHUSDT,bid,2350,4328.042
2024-08-23 01:48:55,ETHUSDT,bid,2350,4328.042
2024-08-23 01:48:56,ETHUSDT,bid,2350,4328.042
2024-08-23 01:48:56,ETHUSDT,bid,2350,4328.051
2024-08-23 01:48:57,ETHUSDT,bid,2350,4328.051
2024-08-23 01:48:57,ETHUSDT,bid,2350,4328.06
2024-08-23 01:48:57,ETHUSDT,bid,2350,4328.06
2024-08-23 01:48:59,ETHUSDT,bid,2350,4328.051
2024-08-23 01:49:01,ETHUSDT,bid,2350,4328.042
2024-08-23 01:49:01,ETHUSDT,bid,2350,4328.033
2024-08-23 01:49:02,ETHUSDT,bid,2350,4328.024
2024-08-23 01:49:02,ETHUSDT,bid,2350,4328.015
2024-08-23 01:49:05,ETHUSDT,bid,2350,4328.006
2024-08-23 01:49:06,ETHUSDT,bid,2350,4327.997
2024-08-23 01:49:12,ETHUSDT,bid,2350,4328.007
2024-08-23 01:49:32,ETHUSDT,bid,2350,4327.997
2024-08-23 01:57:17,ETHUSDT,bid,2350,4327.981
2024-08-23 01:57:17,ETHUSDT,bid,2350,4327.965
2024-08-23 01:57:17,ETHUSDT,bid,2350,4327.949
2024-08-23 01:57:17,ETHUSDT,bid,2350,4327.933
2024-08-23 02:00:27,ETHUSDT,bid,1700,6018.488
2024-08-23 02:06:53,ETHUSDT,ask,2850,3933.136
2024-08-23 02:28:43,ETHUSDT,bid,2340,4280.612
2024-08-23 02:29:51,ETHUSDT,bid,2340,4280.592
2024-08-23 02:35:29,ETHUSDT,bid,2340,4280.608
2024-08-23 02:35:29,ETHUSDT,bid,2340,4280.624
2024-08-23 02:35:29,ETHUSDT,bid,2340,4280.64
2024-08-23 02:35:30,ETHUSDT,bid,2340,4280.64
2024-08-23 02:36:42,ETHUSDT,bid,2340,4280.65
2024-08-23 02:36:45,ETHUSDT,bid,2340,4280.66
2024-08-23 02:37:01,ETHUSDT,bid,2340,4280.67
2024-08-23 02:37:30,ETHUSDT,bid,2340,4280.66
2024-08-23 02:37:31,ETHUSDT,bid,2340,4280.65
2024-08-23 02:37:45,ETHUSDT,bid,2340,4280.64
2024-08-23 02:38:15,ETHUSDT,ask,2850,3935.406
2024-08-23 02:45:29,ETHUSDT,bid,2340,4280.624
2024-08-23 02:45:29,ETHUSDT,bid,2340,4280.608
2024-08-23 02:45:29,ETHUSDT,bid,2340,4280.592
2024-08-23 03:13:14,ETHUSDT,ask,2850,3935.418
2024-08-23 03:18:02,ETHUSDT,ask,2660,7516.434
2024-08-23 03:18:04,ETHUSDT,ask,2660,7517.354
2024-08-23 03:24:56,ETHUSDT,bid,2550,20441.333
