2024-08-11 00:06:55,SOLUSDT,ask,176,29005.0
2024-08-11 00:11:34,SOLUSDT,ask,175,31055.0
2024-08-11 01:35:27,SOLUSDT,ask,178,34863.0
2024-08-11 01:41:12,SOLUSDT,ask,175,31057.0
2024-08-11 01:43:52,SOLUSDT,ask,175,31083.0
2024-08-11 01:46:30,SOLUSDT,ask,175,31057.0
2024-08-11 01:47:35,SOLUSDT,ask,175,31039.0
2024-08-11 01:48:14,SOLUSDT,ask,175,31040.0
2024-08-11 01:50:59,SOLUSDT,ask,175,31041.0
2024-08-11 02:03:54,SOLUSDT,ask,175,31040.0
2024-08-11 02:29:30,SOLUSDT,ask,178,34865.0
2024-08-11 02:31:57,SOLUSDT,ask,175,31039.0
2024-08-11 02:42:25,SOLUSDT,ask,178,34870.0
2024-08-11 02:44:42,SOLUSDT,ask,178,34865.0
2024-08-11 02:44:42,SOLUSDT,ask,175,31038.0
2024-08-11 03:52:18,SOLUSDT,ask,175,31027.0
2024-08-11 04:08:44,SOLUSDT,ask,176,29115.0
2024-08-11 04:38:04,SOLUSDT,bid,74,67596.0
2024-08-11 04:50:51,SOLUSDT,ask,175,31024.0
2024-08-11 05:03:50,SOLUSDT,ask,178,34861.0
2024-08-11 05:05:10,SOLUSDT,ask,175,31022.0
2024-08-11 05:12:59,SOLUSDT,ask,159,91728.0
2024-08-11 05:42:52,SOLUSDT,ask,175,31019.0
2024-08-11 07:19:03,SOLUSDT,ask,175,31018.0
2024-08-11 07:19:03,SOLUSDT,ask,176,29114.0
2024-08-11 07:19:03,SOLUSDT,ask,178,34860.0
2024-08-11 08:10:15,SOLUSDT,ask,176,29150.0
2024-08-11 08:14:34,SOLUSDT,bid,46,108730.0
2024-08-11 08:40:32,SOLUSDT,ask,178,34876.0
2024-08-11 08:40:35,SOLUSDT,ask,175,31016.0
2024-08-11 09:48:17,SOLUSDT,ask,175,30952.0
2024-08-11 09:54:21,SOLUSDT,ask,178,34886.0
2024-08-11 10:14:51,SOLUSDT,ask,175,30982.0
2024-08-11 10:16:19,SOLUSDT,ask,175,30952.0
2024-08-11 10:16:19,SOLUSDT,ask,178,34916.0
2024-08-11 10:17:30,SOLUSDT,ask,176,29151.0
2024-08-11 10:32:34,SOLUSDT,ask,198,32249.0
2024-08-11 10:35:23,SOLUSDT,ask,175,30963.0
2024-08-11 10:35:56,SOLUSDT,ask,175,30952.0
2024-08-11 10:41:43,SOLUSDT,ask,175,30950.0
2024-08-11 10:52:17,SOLUSDT,ask,175,30835.0
2024-08-11 10:58:32,SOLUSDT,ask,175,30837.0
2024-08-11 10:59:26,SOLUSDT,ask,175,30835.0
2024-08-11 10:59:26,SOLUSDT,ask,178,34917.0
2024-08-11 10:59:31,SOLUSDT,ask,178,34916.0
2024-08-11 10:59:39,SOLUSDT,ask,178,34918.0
2024-08-11 11:07:28,SOLUSDT,ask,175,30876.0
2024-08-11 11:12:19,SOLUSDT,ask,178,34913.0
2024-08-11 11:24:37,SOLUSDT,ask,175,30835.0
2024-08-11 11:38:25,SOLUSDT,ask,176,29150.0
2024-08-11 12:00:44,SOLUSDT,bid,46,108718.0
2024-08-11 12:35:26,SOLUSDT,ask,175,30836.0
2024-08-11 12:36:51,SOLUSDT,ask,178,34911.0
2024-08-11 12:38:08,SOLUSDT,ask,175,30838.0
2024-08-11 12:43:38,SOLUSDT,ask,175,30839.0
2024-08-11 12:50:23,SOLUSDT,ask,175,30848.0
2024-08-11 12:57:29,SOLUSDT,ask,175,30854.0
2024-08-11 13:02:29,SOLUSDT,ask,176,29149.0
2024-08-11 13:23:51,SOLUSDT,ask,175,30840.0
2024-08-11 13:25:22,SOLUSDT,ask,175,30850.0
2024-08-11 13:44:30,SOLUSDT,bid,46,108763.0
2024-08-11 13:45:28,SOLUSDT,bid,46,108718.0
2024-08-11 13:46:11,SOLUSDT,bid,46,108763.0
2024-08-11 13:48:12,SOLUSDT,ask,176,29113.0
2024-08-11 13:52:41,SOLUSDT,ask,176,29111.0
2024-08-11 14:30:50,SOLUSDT,ask,175,30849.0
2024-08-11 15:28:41,SOLUSDT,ask,178,34926.0
2024-08-11 15:30:33,SOLUSDT,ask,176,29121.0
2024-08-11 15:45:45,SOLUSDT,ask,178,41948.0
2024-08-11 15:52:38,SOLUSDT,ask,175,30850.0
2024-08-11 16:03:09,SOLUSDT,bid,46,108718.0
2024-08-11 16:11:22,SOLUSDT,ask,175,30870.0
2024-08-11 16:12:50,SOLUSDT,ask,175,30906.0
2024-08-11 16:13:50,SOLUSDT,ask,175,30896.0
2024-08-11 16:20:44,SOLUSDT,ask,175,30895.0
2024-08-11 16:23:32,SOLUSDT,ask,178,41918.0
2024-08-11 16:27:34,SOLUSDT,ask,175,30896.0
2024-08-11 16:28:00,SOLUSDT,ask,178,41948.0
2024-08-11 16:32:43,SOLUSDT,ask,175,30897.0
2024-08-11 16:36:10,SOLUSDT,ask,178,41952.0
2024-08-11 16:41:28,SOLUSDT,ask,175,30928.0
2024-08-11 16:48:49,SOLUSDT,ask,176,29110.0
2024-08-11 16:48:49,SOLUSDT,ask,178,41953.0
2024-08-11 16:53:41,SOLUSDT,ask,176,29109.0
2024-08-11 16:53:41,SOLUSDT,ask,178,41952.0
2024-08-11 16:57:28,SOLUSDT,ask,175,30928.0
2024-08-11 17:01:04,SOLUSDT,ask,176,29471.0
2024-08-11 17:01:23,SOLUSDT,ask,175,30929.0
2024-08-11 17:05:26,SOLUSDT,ask,175,30928.0
2024-08-11 17:06:20,SOLUSDT,ask,175,30929.0
2024-08-11 17:08:35,SOLUSDT,ask,178,42334.0
2024-08-11 17:11:03,SOLUSDT,ask,175,30930.0
2024-08-11 17:11:03,SOLUSDT,ask,176,29472.0
2024-08-11 17:11:03,SOLUSDT,ask,178,42335.0
2024-08-11 17:32:43,SOLUSDT,ask,178,42315.0
2024-08-11 17:34:04,SOLUSDT,ask,175,30931.0
2024-08-11 18:26:50,SOLUSDT,ask,175,30915.0
2024-08-11 18:27:09,SOLUSDT,ask,175,30884.0
2024-08-11 18:47:58,SOLUSDT,ask,178,42380.0
2024-08-11 19:17:53,SOLUSDT,ask,178,35358.0
2024-08-11 19:22:13,SOLUSDT,ask,178,35293.0
2024-08-11 19:24:21,SOLUSDT,ask,175,30912.0
2024-08-11 20:04:39,SOLUSDT,bid,150,33464.0
2024-08-11 20:09:34,SOLUSDT,bid,150,33351.0
2024-08-11 20:09:36,SOLUSDT,bid,150,34481.0
2024-08-11 20:09:37,SOLUSDT,bid,150,33351.0
2024-08-11 20:09:38,SOLUSDT,bid,150,33357.0
2024-08-11 20:09:39,SOLUSDT,bid,150,33556.0
2024-08-11 20:09:40,SOLUSDT,bid,150,33357.0
2024-08-11 20:09:40,SOLUSDT,bid,150,33367.0
2024-08-11 20:10:38,SOLUSDT,bid,75,93208.0
2024-08-11 20:10:39,SOLUSDT,bid,75,93209.0
2024-08-11 20:10:39,SOLUSDT,bid,75,93208.0
2024-08-11 20:10:39,SOLUSDT,bid,75,93209.0
2024-08-11 20:10:40,SOLUSDT,bid,75,93208.0
2024-08-11 20:11:48,SOLUSDT,ask,175,30856.0
2024-08-11 20:12:14,SOLUSDT,bid,75,93209.0
2024-08-11 20:12:14,SOLUSDT,bid,75,93208.0
2024-08-11 19:50:22,SOLUSD_PERP,bid,150,7507.0
2024-08-11 19:50:24,SOLUSD_PERP,bid,150,12500.0
2024-08-11 19:50:24,SOLUSD_PERP,bid,150,13079.0
2024-08-11 19:50:24,SOLUSD_PERP,bid,150,10796.0
2024-08-11 19:50:25,SOLUSD_PERP,bid,150,7182.0
2024-08-11 19:50:26,SOLUSD_PERP,bid,150,8619.0
2024-08-11 19:50:26,SOLUSD_PERP,ask,150,6750.0
2024-08-11 19:50:26,SOLUSD_PERP,bid,150,11488.0
2024-08-11 19:50:27,SOLUSD_PERP,bid,150,9623.0
2024-08-11 19:50:27,SOLUSD_PERP,bid,150,6774.0
2024-08-11 19:50:28,SOLUSD_PERP,bid,150,11276.0
2024-08-11 19:50:28,SOLUSD_PERP,bid,150,10500.0
2024-08-11 19:50:29,SOLUSD_PERP,bid,150,9303.0
2024-08-11 19:50:29,SOLUSD_PERP,bid,150,12500.0
2024-08-11 19:50:29,SOLUSD_PERP,bid,150,8273.0
2024-08-11 19:50:29,SOLUSD_PERP,bid,150,10500.0
2024-08-11 19:50:30,SOLUSD_PERP,bid,150,8274.0
2024-08-11 19:50:30,SOLUSD_PERP,ask,150,7698.0
2024-08-11 19:50:31,SOLUSD_PERP,bid,150,12820.0
2024-08-11 19:50:31,SOLUSD_PERP,ask,150,7817.0
2024-08-11 19:50:35,SOLUSD_PERP,bid,150,12500.0
2024-08-11 19:50:38,SOLUSD_PERP,bid,150,8273.0
2024-08-11 19:50:38,SOLUSD_PERP,bid,150,12106.0
2024-08-11 19:50:38,SOLUSD_PERP,bid,150,22151.0
2024-08-11 19:50:38,SOLUSD_PERP,bid,150,10500.0
2024-08-11 19:50:41,SOLUSD_PERP,bid,150,20773.0
2024-08-11 19:50:41,SOLUSD_PERP,ask,152,7087.0
2024-08-11 19:50:43,SOLUSD_PERP,bid,148,18001.0
2024-08-11 19:50:47,SOLUSD_PERP,bid,150,12500.0
2024-08-11 19:50:47,SOLUSD_PERP,bid,150,8273.0
2024-08-11 19:50:48,SOLUSD_PERP,bid,150,6648.0
2024-08-11 19:50:52,SOLUSD_PERP,ask,152,34018.0
2024-08-11 19:50:52,SOLUSD_PERP,bid,150,12641.0
2024-08-11 19:50:52,SOLUSD_PERP,bid,150,10500.0
2024-08-11 19:50:52,SOLUSD_PERP,bid,150,36062.0
2024-08-11 19:50:53,SOLUSD_PERP,ask,152,29668.0
2024-08-11 19:50:53,SOLUSD_PERP,bid,150,7091.0
2024-08-11 19:50:58,SOLUSD_PERP,bid,150,10173.0
2024-08-11 19:50:58,SOLUSD_PERP,bid,150,10500.0
2024-08-11 19:50:59,SOLUSD_PERP,bid,150,10550.0
2024-08-11 19:50:59,SOLUSD_PERP,bid,150,10650.0
2024-08-11 19:50:59,SOLUSD_PERP,bid,150,10500.0
2024-08-11 19:51:00,SOLUSD_PERP,bid,148,32281.0
2024-08-11 19:51:05,SOLUSD_PERP,bid,150,6808.0
2024-08-11 19:51:05,SOLUSD_PERP,ask,153,7608.0
2024-08-11 19:51:05,SOLUSD_PERP,bid,150,10832.0
2024-08-11 19:51:06,SOLUSD_PERP,bid,150,10500.0
2024-08-11 19:51:12,SOLUSD_PERP,bid,150,11911.0
2024-08-11 19:51:12,SOLUSD_PERP,bid,150,11911.0
2024-08-11 19:51:12,SOLUSD_PERP,bid,150,11911.0
2024-08-11 19:51:12,SOLUSD_PERP,bid,148,26634.0
2024-08-11 19:51:14,SOLUSD_PERP,ask,152,29715.0
2024-08-11 19:51:15,SOLUSD_PERP,bid,150,11579.0
2024-08-11 19:51:15,SOLUSD_PERP,bid,149,29715.0
2024-08-11 19:51:15,SOLUSD_PERP,bid,150,11579.0
2024-08-11 19:51:17,SOLUSD_PERP,bid,150,6954.0
2024-08-11 19:51:20,SOLUSD_PERP,ask,152,29721.0
2024-08-11 19:51:26,SOLUSD_PERP,bid,148,26445.0
2024-08-11 19:51:27,SOLUSD_PERP,bid,150,7286.0
2024-08-11 19:51:27,SOLUSD_PERP,bid,150,22152.0
2024-08-11 19:51:29,SOLUSD_PERP,bid,150,6954.0
2024-08-11 19:51:32,SOLUSD_PERP,bid,150,11926.0
2024-08-11 19:51:32,SOLUSD_PERP,bid,149,7201.0
2024-08-11 19:51:34,SOLUSD_PERP,bid,150,21952.0
2024-08-11 19:51:35,SOLUSD_PERP,bid,150,8620.0
2024-08-11 19:51:35,SOLUSD_PERP,bid,150,15937.0
2024-08-11 19:51:35,SOLUSD_PERP,bid,150,11926.0
2024-08-11 19:51:36,SOLUSD_PERP,bid,150,10941.0
2024-08-11 19:51:36,SOLUSD_PERP,bid,150,6954.0
2024-08-11 19:51:38,SOLUSD_PERP,bid,150,8273.0
2024-08-11 19:51:38,SOLUSD_PERP,ask,152,29752.0
2024-08-11 19:51:39,SOLUSD_PERP,bid,150,14134.0
2024-08-11 19:51:39,SOLUSD_PERP,bid,150,7274.0
2024-08-11 19:51:41,SOLUSD_PERP,bid,150,8620.0
2024-08-11 19:51:41,SOLUSD_PERP,bid,150,6954.0
2024-08-11 19:51:41,SOLUSD_PERP,bid,150,11926.0
2024-08-11 19:51:42,SOLUSD_PERP,bid,150,22052.0
2024-08-11 19:51:43,SOLUSD_PERP,bid,150,6954.0
2024-08-11 19:51:46,SOLUSD_PERP,bid,150,10388.0
2024-08-11 19:51:46,SOLUSD_PERP,bid,150,6954.0
2024-08-11 19:51:49,SOLUSD_PERP,bid,150,8273.0
2024-08-11 19:51:49,SOLUSD_PERP,bid,150,11579.0
2024-08-11 19:51:55,SOLUSD_PERP,bid,143,170729.0
2024-08-11 19:51:57,SOLUSD_PERP,bid,150,36017.0
2024-08-11 19:51:57,SOLUSD_PERP,bid,150,7301.0
2024-08-11 19:52:00,SOLUSD_PERP,bid,150,7648.0
2024-08-11 19:52:00,SOLUSD_PERP,bid,150,7301.0
2024-08-11 19:52:02,SOLUSD_PERP,bid,150,7621.0
2024-08-11 19:52:04,SOLUSD_PERP,bid,150,7941.0
2024-08-11 19:52:04,SOLUSD_PERP,bid,150,6842.0
2024-08-11 19:52:05,SOLUSD_PERP,bid,150,7621.0
2024-08-11 19:52:06,SOLUSD_PERP,bid,150,7301.0
2024-08-11 19:52:06,SOLUSD_PERP,bid,150,14982.0
2024-08-11 19:52:06,SOLUSD_PERP,bid,150,7301.0
2024-08-11 19:52:06,SOLUSD_PERP,bid,150,11579.0
2024-08-11 19:52:07,SOLUSD_PERP,bid,150,7621.0
2024-08-11 19:52:08,SOLUSD_PERP,bid,150,11899.0
2024-08-11 19:52:10,SOLUSD_PERP,bid,150,12539.0
2024-08-11 19:52:10,SOLUSD_PERP,bid,150,7941.0
2024-08-11 19:52:10,SOLUSD_PERP,bid,150,11579.0
2024-08-11 19:52:10,SOLUSD_PERP,bid,150,7301.0
2024-08-11 19:52:11,SOLUSD_PERP,bid,150,13787.0
2024-08-11 19:52:11,SOLUSD_PERP,ask,152,7000.0
2024-08-11 19:52:13,SOLUSD_PERP,bid,145,8500.0
2024-08-11 19:52:18,SOLUSD_PERP,bid,150,6954.0
2024-08-11 19:52:19,SOLUSD_PERP,ask,154,8309.0
2024-08-11 19:52:20,SOLUSD_PERP,bid,150,7286.0
2024-08-11 19:52:22,SOLUSD_PERP,bid,150,6954.0
2024-08-11 19:52:23,SOLUSD_PERP,bid,150,11579.0
2024-08-11 19:52:25,SOLUSD_PERP,bid,150,7235.0
2024-08-11 19:52:27,SOLUSD_PERP,bid,150,10500.0
2024-08-11 19:52:27,SOLUSD_PERP,bid,150,19251.0
2024-08-11 19:52:27,SOLUSD_PERP,bid,150,11502.0
2024-08-11 19:52:29,SOLUSD_PERP,bid,150,11834.0
2024-08-11 19:52:30,SOLUSD_PERP,bid,150,11502.0
2024-08-11 19:52:36,SOLUSD_PERP,ask,152,42603.0
2024-08-11 19:52:39,SOLUSD_PERP,bid,150,21734.0
2024-08-11 19:52:47,SOLUSD_PERP,bid,129,13094.0
2024-08-11 19:52:50,SOLUSD_PERP,bid,150,35000.0
2024-08-11 19:52:55,SOLUSD_PERP,ask,152,35000.0
2024-08-11 19:53:03,SOLUSD_PERP,bid,149,7000.0
2024-08-11 19:53:06,SOLUSD_PERP,bid,150,6662.0
2024-08-11 19:53:12,SOLUSD_PERP,bid,150,10500.0
2024-08-11 19:53:17,SOLUSD_PERP,ask,152,29872.0
2024-08-11 19:53:18,SOLUSD_PERP,bid,150,11580.0
2024-08-11 19:53:19,SOLUSD_PERP,bid,145,10000.0
2024-08-11 19:53:19,SOLUSD_PERP,bid,149,7037.0
2024-08-11 19:53:20,SOLUSD_PERP,bid,149,7000.0
2024-08-11 19:53:20,SOLUSD_PERP,bid,150,6873.0
2024-08-11 19:53:25,SOLUSD_PERP,bid,150,21771.0
2024-08-11 19:53:25,SOLUSD_PERP,bid,149,8859.0
2024-08-11 19:53:26,SOLUSD_PERP,bid,150,21734.0
2024-08-11 19:53:29,SOLUSD_PERP,bid,149,7382.0
2024-08-11 19:53:30,SOLUSD_PERP,bid,147,7316.0
2024-08-11 19:53:30,SOLUSD_PERP,bid,150,7000.0
2024-08-11 19:53:42,SOLUSD_PERP,bid,138,156881.0
2024-08-11 19:53:42,SOLUSD_PERP,ask,152,7000.0
2024-08-11 19:53:51,SOLUSD_PERP,bid,150,35000.0
2024-08-11 19:53:56,SOLUSD_PERP,ask,152,35000.0
2024-08-11 19:53:58,SOLUSD_PERP,bid,150,10500.0
2024-08-11 19:54:01,SOLUSD_PERP,bid,150,11505.0
2024-08-11 19:54:01,SOLUSD_PERP,bid,150,10500.0
2024-08-11 19:54:05,SOLUSD_PERP,bid,150,11503.0
2024-08-11 19:54:07,SOLUSD_PERP,ask,152,34018.0
2024-08-11 19:54:07,SOLUSD_PERP,bid,150,10500.0
2024-08-11 19:54:07,SOLUSD_PERP,bid,150,11543.0
2024-08-11 19:54:08,SOLUSD_PERP,bid,150,10500.0
2024-08-11 19:54:11,SOLUSD_PERP,bid,150,19250.0
2024-08-11 19:54:12,SOLUSD_PERP,bid,149,18000.0
2024-08-11 19:54:12,SOLUSD_PERP,ask,154,7623.0
2024-08-11 19:54:17,SOLUSD_PERP,bid,150,10500.0
2024-08-11 19:54:18,SOLUSD_PERP,bid,150,12641.0
2024-08-11 19:54:18,SOLUSD_PERP,bid,150,8273.0
2024-08-11 19:54:25,SOLUSD_PERP,bid,150,8273.0
2024-08-11 19:54:33,SOLUSD_PERP,bid,150,9076.0
2024-08-11 19:54:42,SOLUSD_PERP,bid,148,32251.0
2024-08-11 19:54:56,SOLUSD_PERP,bid,148,32351.0
2024-08-11 19:55:01,SOLUSD_PERP,bid,150,21664.0
2024-08-11 19:55:12,SOLUSD_PERP,ask,152,7000.0
2024-08-11 19:55:15,SOLUSD_PERP,ask,152,35000.0
2024-08-11 19:55:36,SOLUSD_PERP,bid,150,19250.0
2024-08-11 19:55:47,SOLUSD_PERP,bid,125,9674.0
2024-08-11 19:55:49,SOLUSD_PERP,ask,152,12808.0
2024-08-11 19:55:51,SOLUSD_PERP,bid,150,15652.0
2024-08-11 19:55:51,SOLUSD_PERP,ask,152,29847.0
2024-08-11 19:55:56,SOLUSD_PERP,bid,150,21668.0
2024-08-11 19:56:00,SOLUSD_PERP,ask,152,42603.0
2024-08-11 19:56:03,SOLUSD_PERP,bid,150,7000.0
2024-08-11 19:56:13,SOLUSD_PERP,ask,152,35000.0
2024-08-11 19:56:14,SOLUSD_PERP,bid,150,12500.0
2024-08-11 19:56:15,SOLUSD_PERP,ask,152,29863.0
2024-08-11 19:56:16,SOLUSD_PERP,bid,150,7000.0
2024-08-11 19:56:23,SOLUSD_PERP,ask,152,13808.0
2024-08-11 19:56:26,SOLUSD_PERP,bid,149,7570.0
2024-08-11 19:56:27,SOLUSD_PERP,ask,152,7000.0
2024-08-11 19:56:31,SOLUSD_PERP,bid,150,7056.0
2024-08-11 19:56:34,SOLUSD_PERP,bid,150,8273.0
2024-08-11 19:56:42,SOLUSD_PERP,ask,152,7084.0
2024-08-11 19:56:44,SOLUSD_PERP,ask,152,29884.0
2024-08-11 19:56:46,SOLUSD_PERP,ask,152,20250.0
2024-08-11 19:56:55,SOLUSD_PERP,bid,150,35001.0
2024-08-11 19:57:07,SOLUSD_PERP,ask,152,19250.0
2024-08-11 19:57:13,SOLUSD_PERP,ask,152,8000.0
2024-08-11 19:57:22,SOLUSD_PERP,bid,150,21673.0
2024-08-11 19:57:26,SOLUSD_PERP,ask,153,18003.0
2024-08-11 19:57:26,SOLUSD_PERP,bid,150,40579.0
2024-08-11 19:57:34,SOLUSD_PERP,bid,150,7000.0
2024-08-11 19:57:46,SOLUSD_PERP,ask,158,48477.0
2024-08-11 19:57:53,SOLUSD_PERP,bid,150,34124.0
2024-08-11 19:57:54,SOLUSD_PERP,ask,152,7000.0
2024-08-11 19:58:13,SOLUSD_PERP,ask,152,7000.0
2024-08-11 19:58:15,SOLUSD_PERP,ask,152,19952.0
2024-08-11 19:58:20,SOLUSD_PERP,ask,152,35000.0
2024-08-11 19:58:44,SOLUSD_PERP,bid,149,8864.0
2024-08-11 19:58:45,SOLUSD_PERP,bid,150,12500.0
2024-08-11 19:58:47,SOLUSD_PERP,bid,148,26593.0
2024-08-11 19:59:01,SOLUSD_PERP,bid,145,182108.0
2024-08-11 19:59:01,SOLUSD_PERP,bid,149,8964.0
2024-08-11 19:59:03,SOLUSD_PERP,bid,150,35000.0
2024-08-11 19:59:05,SOLUSD_PERP,bid,150,7000.0
2024-08-11 19:59:12,SOLUSD_PERP,bid,150,21748.0
2024-08-11 19:59:13,SOLUSD_PERP,bid,148,26598.0
2024-08-11 19:59:19,SOLUSD_PERP,bid,140,11985.0
2024-08-11 19:59:19,SOLUSD_PERP,bid,143,170829.0
2024-08-11 19:59:24,SOLUSD_PERP,ask,152,7090.0
2024-08-11 19:59:29,SOLUSD_PERP,bid,135,161565.0
2024-08-11 19:59:29,SOLUSD_PERP,bid,138,156981.0
2024-08-11 19:59:29,SOLUSD_PERP,bid,150,12643.0
2024-08-11 19:59:36,SOLUSD_PERP,ask,152,19250.0
2024-08-11 19:59:38,SOLUSD_PERP,bid,148,32356.0
2024-08-11 19:59:42,SOLUSD_PERP,bid,130,104413.0
2024-08-11 19:59:43,SOLUSD_PERP,ask,152,7000.0
2024-08-11 19:59:44,SOLUSD_PERP,ask,152,35505.0
2024-08-11 19:59:53,SOLUSD_PERP,bid,150,7000.0
2024-08-11 19:59:54,SOLUSD_PERP,bid,150,35000.0
2024-08-11 20:00:01,SOLUSD_PERP,ask,151,7347.0
2024-08-11 20:00:02,SOLUSD_PERP,ask,151,7346.0
2024-08-11 20:00:02,SOLUSD_PERP,ask,151,7449.0
2024-08-11 20:00:02,SOLUSD_PERP,ask,151,7449.0
2024-08-11 20:00:02,SOLUSD_PERP,ask,151,8433.0
2024-08-11 20:00:03,SOLUSD_PERP,ask,151,7462.0
2024-08-11 20:00:03,SOLUSD_PERP,bid,150,35299.0
2024-08-11 20:00:03,SOLUSD_PERP,ask,151,7056.0
2024-08-11 20:00:03,SOLUSD_PERP,bid,151,11515.0
2024-08-11 20:00:03,SOLUSD_PERP,ask,151,10500.0
2024-08-11 20:00:03,SOLUSD_PERP,bid,151,7048.0
2024-08-11 20:00:03,SOLUSD_PERP,ask,151,8604.0
2024-08-11 20:00:04,SOLUSD_PERP,ask,151,6681.0
2024-08-11 20:00:05,SOLUSD_PERP,ask,151,7930.0
2024-08-11 20:00:06,SOLUSD_PERP,ask,151,6663.0
2024-08-11 20:00:06,SOLUSD_PERP,bid,151,7048.0
2024-08-11 20:00:06,SOLUSD_PERP,bid,151,7048.0
2024-08-11 20:00:06,SOLUSD_PERP,bid,151,6947.0
2024-08-11 20:00:06,SOLUSD_PERP,bid,151,10500.0
2024-08-11 20:00:07,SOLUSD_PERP,ask,151,7542.0
2024-08-11 20:00:08,SOLUSD_PERP,ask,151,6660.0
2024-08-11 20:00:09,SOLUSD_PERP,ask,151,7121.0
2024-08-11 20:00:09,SOLUSD_PERP,ask,151,7124.0
2024-08-11 20:00:09,SOLUSD_PERP,bid,151,14498.0
2024-08-11 20:00:09,SOLUSD_PERP,bid,151,7048.0
2024-08-11 20:00:09,SOLUSD_PERP,ask,151,6604.0
2024-08-11 20:00:09,SOLUSD_PERP,bid,151,10500.0
2024-08-11 20:00:09,SOLUSD_PERP,ask,151,9463.0
2024-08-11 20:00:10,SOLUSD_PERP,ask,151,8244.0
2024-08-11 20:00:10,SOLUSD_PERP,ask,151,7855.0
2024-08-11 20:00:10,SOLUSD_PERP,bid,149,7382.0
2024-08-11 20:00:10,SOLUSD_PERP,bid,149,29911.0
2024-08-11 20:00:10,SOLUSD_PERP,bid,151,10500.0
2024-08-11 20:00:10,SOLUSD_PERP,ask,151,6692.0
2024-08-11 20:00:11,SOLUSD_PERP,ask,151,8213.0
2024-08-11 20:00:11,SOLUSD_PERP,bid,151,10832.0
2024-08-11 20:00:11,SOLUSD_PERP,ask,151,10325.0
2024-08-11 20:00:11,SOLUSD_PERP,ask,151,8124.0
2024-08-11 20:00:11,SOLUSD_PERP,ask,151,6657.0
2024-08-11 20:00:12,SOLUSD_PERP,ask,151,7198.0
2024-08-11 20:00:12,SOLUSD_PERP,bid,151,6839.0
2024-08-11 20:00:12,SOLUSD_PERP,ask,151,6714.0
2024-08-11 20:00:12,SOLUSD_PERP,ask,151,7512.0
2024-08-11 20:00:14,SOLUSD_PERP,ask,151,6870.0
2024-08-11 20:00:14,SOLUSD_PERP,ask,151,6668.0
2024-08-11 20:00:14,SOLUSD_PERP,bid,147,169986.0
2024-08-11 20:00:15,SOLUSD_PERP,ask,151,7550.0
2024-08-11 20:00:15,SOLUSD_PERP,ask,151,6733.0
2024-08-11 20:00:15,SOLUSD_PERP,ask,151,6680.0
2024-08-11 20:00:15,SOLUSD_PERP,ask,151,6619.0
2024-08-11 20:00:15,SOLUSD_PERP,ask,151,6619.0
2024-08-11 20:00:16,SOLUSD_PERP,ask,151,6619.0
2024-08-11 20:00:20,SOLUSD_PERP,ask,151,9897.0
2024-08-11 20:00:21,SOLUSD_PERP,ask,151,10397.0
2024-08-11 20:00:21,SOLUSD_PERP,bid,150,19250.0
2024-08-11 20:00:22,SOLUSD_PERP,ask,151,6736.0
2024-08-11 20:00:22,SOLUSD_PERP,bid,151,7166.0
2024-08-11 20:00:22,SOLUSD_PERP,ask,151,6826.0
2024-08-11 20:00:23,SOLUSD_PERP,bid,151,13040.0
2024-08-11 20:00:24,SOLUSD_PERP,ask,151,9697.0
2024-08-11 20:00:25,SOLUSD_PERP,ask,151,7153.0
2024-08-11 20:00:25,SOLUSD_PERP,bid,151,7504.0
2024-08-11 20:00:26,SOLUSD_PERP,ask,151,7363.0
2024-08-11 20:00:26,SOLUSD_PERP,bid,151,10832.0
2024-08-11 20:00:26,SOLUSD_PERP,ask,151,7749.0
2024-08-11 20:00:27,SOLUSD_PERP,ask,151,7749.0
2024-08-11 20:00:27,SOLUSD_PERP,ask,151,7684.0
2024-08-11 20:00:27,SOLUSD_PERP,ask,151,7684.0
2024-08-11 20:00:28,SOLUSD_PERP,ask,151,7135.0
2024-08-11 20:00:28,SOLUSD_PERP,bid,145,182109.0
2024-08-11 20:00:30,SOLUSD_PERP,ask,151,6870.0
2024-08-11 20:00:31,SOLUSD_PERP,ask,151,7000.0
2024-08-11 20:00:31,SOLUSD_PERP,ask,151,6753.0
2024-08-11 20:00:32,SOLUSD_PERP,bid,151,6839.0
2024-08-11 20:00:32,SOLUSD_PERP,ask,151,6833.0
2024-08-11 20:00:34,SOLUSD_PERP,bid,151,6685.0
2024-08-11 20:00:34,SOLUSD_PERP,bid,151,9888.0
2024-08-11 20:00:35,SOLUSD_PERP,bid,150,7002.0
2024-08-11 20:00:36,SOLUSD_PERP,ask,151,10827.0
2024-08-11 20:00:36,SOLUSD_PERP,ask,151,6750.0
2024-08-11 20:00:38,SOLUSD_PERP,ask,151,6868.0
2024-08-11 20:00:39,SOLUSD_PERP,bid,151,7056.0
2024-08-11 20:00:40,SOLUSD_PERP,bid,151,7861.0
2024-08-11 20:00:40,SOLUSD_PERP,bid,151,7254.0
2024-08-11 20:00:41,SOLUSD_PERP,bid,151,9814.0
2024-08-11 20:00:44,SOLUSD_PERP,ask,151,19250.0
2024-08-11 20:00:48,SOLUSD_PERP,bid,151,6823.0
2024-08-11 20:00:48,SOLUSD_PERP,bid,151,6823.0
2024-08-11 20:00:49,SOLUSD_PERP,bid,151,10500.0
2024-08-11 20:00:49,SOLUSD_PERP,bid,151,8227.0
2024-08-11 20:00:50,SOLUSD_PERP,ask,151,9061.0
2024-08-11 20:00:50,SOLUSD_PERP,bid,151,8231.0
2024-08-11 20:00:50,SOLUSD_PERP,bid,151,8456.0
2024-08-11 20:00:50,SOLUSD_PERP,ask,151,6888.0
2024-08-11 20:00:53,SOLUSD_PERP,ask,151,6919.0
2024-08-11 20:00:54,SOLUSD_PERP,ask,151,7089.0
2024-08-11 20:00:54,SOLUSD_PERP,ask,151,8019.0
2024-08-11 20:00:55,SOLUSD_PERP,bid,151,8085.0
2024-08-11 20:00:58,SOLUSD_PERP,ask,151,8875.0
2024-08-11 20:01:00,SOLUSD_PERP,ask,151,10622.0
2024-08-11 20:01:00,SOLUSD_PERP,ask,151,8803.0
2024-08-11 20:01:01,SOLUSD_PERP,ask,151,7818.0
2024-08-11 20:01:01,SOLUSD_PERP,ask,151,7818.0
2024-08-11 20:01:01,SOLUSD_PERP,ask,151,7573.0
2024-08-11 20:01:02,SOLUSD_PERP,ask,151,7619.0
2024-08-11 20:01:02,SOLUSD_PERP,ask,151,8049.0
2024-08-11 20:01:03,SOLUSD_PERP,ask,151,7244.0
2024-08-11 20:01:03,SOLUSD_PERP,ask,151,7033.0
2024-08-11 20:01:03,SOLUSD_PERP,ask,151,7025.0
2024-08-11 20:01:04,SOLUSD_PERP,ask,151,7505.0
2024-08-11 20:01:04,SOLUSD_PERP,ask,151,6954.0
2024-08-11 20:01:04,SOLUSD_PERP,ask,152,35000.0
2024-08-11 20:01:05,SOLUSD_PERP,ask,151,7030.0
2024-08-11 20:01:05,SOLUSD_PERP,ask,151,7777.0
2024-08-11 20:01:05,SOLUSD_PERP,ask,151,7777.0
2024-08-11 20:01:06,SOLUSD_PERP,bid,150,35000.0
2024-08-11 20:01:06,SOLUSD_PERP,bid,150,10500.0
2024-08-11 20:01:06,SOLUSD_PERP,bid,151,6839.0
2024-08-11 20:01:06,SOLUSD_PERP,ask,151,7573.0
2024-08-11 20:01:06,SOLUSD_PERP,ask,151,6776.0
2024-08-11 20:01:06,SOLUSD_PERP,ask,151,6774.0
2024-08-11 20:01:06,SOLUSD_PERP,ask,151,6774.0
2024-08-11 20:01:06,SOLUSD_PERP,ask,151,7837.0
2024-08-11 20:01:06,SOLUSD_PERP,ask,151,6774.0
2024-08-11 20:01:06,SOLUSD_PERP,bid,151,9682.0
2024-08-11 20:01:06,SOLUSD_PERP,ask,151,7411.0
2024-08-11 20:01:06,SOLUSD_PERP,ask,151,6773.0
2024-08-11 20:01:07,SOLUSD_PERP,bid,150,7000.0
2024-08-11 20:01:07,SOLUSD_PERP,ask,151,6773.0
2024-08-11 20:01:07,SOLUSD_PERP,ask,151,6773.0
2024-08-11 20:01:07,SOLUSD_PERP,ask,151,10879.0
2024-08-11 20:01:07,SOLUSD_PERP,bid,150,12828.0
2024-08-11 20:01:07,SOLUSD_PERP,ask,151,6973.0
2024-08-11 20:01:07,SOLUSD_PERP,ask,151,7856.0
2024-08-11 20:01:07,SOLUSD_PERP,ask,151,6811.0
2024-08-11 20:01:07,SOLUSD_PERP,bid,150,14999.0
2024-08-11 20:01:07,SOLUSD_PERP,bid,150,8273.0
2024-08-11 20:01:07,SOLUSD_PERP,ask,151,6811.0
2024-08-11 20:01:07,SOLUSD_PERP,ask,151,7580.0
2024-08-11 20:01:08,SOLUSD_PERP,ask,151,6811.0
2024-08-11 20:01:08,SOLUSD_PERP,bid,151,9352.0
2024-08-11 20:01:08,SOLUSD_PERP,bid,150,12706.0
2024-08-11 20:01:08,SOLUSD_PERP,ask,151,6620.0
2024-08-11 20:01:08,SOLUSD_PERP,ask,151,7663.0
2024-08-11 20:01:08,SOLUSD_PERP,ask,151,6619.0
2024-08-11 20:01:08,SOLUSD_PERP,ask,151,7580.0
2024-08-11 20:01:08,SOLUSD_PERP,ask,151,6620.0
2024-08-11 20:01:08,SOLUSD_PERP,ask,151,6952.0
2024-08-11 20:01:08,SOLUSD_PERP,ask,151,6620.0
2024-08-11 20:01:09,SOLUSD_PERP,ask,151,6620.0
2024-08-11 20:01:09,SOLUSD_PERP,ask,151,7250.0
2024-08-11 20:01:09,SOLUSD_PERP,ask,151,6927.0
2024-08-11 20:01:09,SOLUSD_PERP,ask,151,6928.0
2024-08-11 20:01:10,SOLUSD_PERP,ask,151,7573.0
2024-08-11 20:01:10,SOLUSD_PERP,ask,151,6928.0
2024-08-11 20:01:10,SOLUSD_PERP,ask,151,6612.0
2024-08-11 20:01:10,SOLUSD_PERP,ask,151,6612.0
2024-08-11 20:01:10,SOLUSD_PERP,ask,151,6944.0
2024-08-11 20:01:10,SOLUSD_PERP,ask,151,6613.0
2024-08-11 20:01:11,SOLUSD_PERP,ask,151,6676.0
2024-08-11 20:01:11,SOLUSD_PERP,ask,151,6676.0
2024-08-11 20:01:11,SOLUSD_PERP,ask,151,7009.0
2024-08-11 20:01:12,SOLUSD_PERP,ask,151,7685.0
2024-08-11 20:01:12,SOLUSD_PERP,ask,151,7057.0
2024-08-11 20:01:12,SOLUSD_PERP,ask,151,7057.0
2024-08-11 20:01:12,SOLUSD_PERP,ask,151,6725.0
2024-08-11 20:01:12,SOLUSD_PERP,ask,151,6725.0
2024-08-11 20:01:12,SOLUSD_PERP,ask,151,6726.0
2024-08-11 20:01:12,SOLUSD_PERP,ask,151,6726.0
2024-08-11 20:01:13,SOLUSD_PERP,ask,151,7734.0
2024-08-11 20:01:13,SOLUSD_PERP,ask,151,6848.0
2024-08-11 20:01:13,SOLUSD_PERP,ask,151,6848.0
2024-08-11 20:01:14,SOLUSD_PERP,ask,151,6848.0
2024-08-11 20:01:14,SOLUSD_PERP,ask,151,6848.0
2024-08-11 20:01:14,SOLUSD_PERP,ask,152,7537.0
2024-08-11 20:01:14,SOLUSD_PERP,ask,151,6851.0
2024-08-11 20:01:14,SOLUSD_PERP,bid,150,10828.0
2024-08-11 20:01:14,SOLUSD_PERP,ask,151,7491.0
2024-08-11 20:01:15,SOLUSD_PERP,ask,151,6851.0
2024-08-11 20:01:15,SOLUSD_PERP,ask,151,7560.0
2024-08-11 20:01:15,SOLUSD_PERP,ask,151,6921.0
2024-08-11 20:01:15,SOLUSD_PERP,ask,151,6920.0
2024-08-11 20:01:15,SOLUSD_PERP,ask,151,6920.0
2024-08-11 20:01:16,SOLUSD_PERP,ask,151,6830.0
2024-08-11 20:01:16,SOLUSD_PERP,ask,151,6830.0
2024-08-11 20:01:17,SOLUSD_PERP,ask,151,6831.0
2024-08-11 20:01:17,SOLUSD_PERP,ask,151,6861.0
2024-08-11 20:01:18,SOLUSD_PERP,ask,151,6862.0
2024-08-11 20:01:18,SOLUSD_PERP,ask,151,7141.0
2024-08-11 20:01:18,SOLUSD_PERP,ask,151,8184.0
2024-08-11 20:01:18,SOLUSD_PERP,ask,151,8168.0
2024-08-11 20:01:19,SOLUSD_PERP,ask,151,7140.0
2024-08-11 20:01:19,SOLUSD_PERP,ask,151,7251.0
2024-08-11 20:01:19,SOLUSD_PERP,bid,150,7350.0
2024-08-11 20:01:19,SOLUSD_PERP,ask,151,7164.0
2024-08-11 20:01:19,SOLUSD_PERP,ask,151,8208.0
2024-08-11 20:01:19,SOLUSD_PERP,ask,151,8208.0
2024-08-11 20:01:19,SOLUSD_PERP,ask,151,7209.0
2024-08-11 20:01:19,SOLUSD_PERP,ask,151,7164.0
2024-08-11 20:01:19,SOLUSD_PERP,ask,151,7251.0
2024-08-11 20:01:19,SOLUSD_PERP,ask,151,8192.0
2024-08-11 20:01:20,SOLUSD_PERP,bid,151,6900.0
2024-08-11 20:01:20,SOLUSD_PERP,ask,151,7164.0
2024-08-11 20:01:20,SOLUSD_PERP,ask,151,7013.0
2024-08-11 20:01:20,SOLUSD_PERP,ask,151,7013.0
2024-08-11 20:01:20,SOLUSD_PERP,ask,151,7013.0
2024-08-11 20:01:20,SOLUSD_PERP,ask,151,8041.0
2024-08-11 20:01:20,SOLUSD_PERP,ask,151,7013.0
2024-08-11 20:01:21,SOLUSD_PERP,ask,151,7643.0
2024-08-11 20:01:21,SOLUSD_PERP,ask,151,6840.0
2024-08-11 20:01:21,SOLUSD_PERP,bid,150,12641.0
2024-08-11 20:01:21,SOLUSD_PERP,ask,151,6928.0
2024-08-11 20:01:21,SOLUSD_PERP,ask,151,6840.0
2024-08-11 20:01:21,SOLUSD_PERP,ask,151,6840.0
2024-08-11 20:01:21,SOLUSD_PERP,ask,151,7077.0
2024-08-11 20:01:22,SOLUSD_PERP,ask,151,6840.0
2024-08-11 20:01:22,SOLUSD_PERP,ask,151,10500.0
2024-08-11 20:01:22,SOLUSD_PERP,ask,151,6704.0
2024-08-11 20:01:22,SOLUSD_PERP,ask,151,7344.0
2024-08-11 20:01:22,SOLUSD_PERP,ask,151,6704.0
2024-08-11 20:01:22,SOLUSD_PERP,ask,151,7334.0
2024-08-11 20:01:22,SOLUSD_PERP,ask,151,7086.0
2024-08-11 20:01:22,SOLUSD_PERP,ask,151,6705.0
2024-08-11 20:01:22,SOLUSD_PERP,ask,151,6705.0
2024-08-11 20:01:22,SOLUSD_PERP,ask,151,6705.0
2024-08-11 20:01:23,SOLUSD_PERP,ask,151,7037.0
2024-08-11 20:01:23,SOLUSD_PERP,ask,151,7370.0
2024-08-11 20:01:23,SOLUSD_PERP,ask,151,10832.0
2024-08-11 20:01:23,SOLUSD_PERP,ask,151,7188.0
2024-08-11 20:01:23,SOLUSD_PERP,ask,151,6907.0
2024-08-11 20:01:23,SOLUSD_PERP,ask,151,7573.0
2024-08-11 20:01:24,SOLUSD_PERP,ask,151,6908.0
2024-08-11 20:01:24,SOLUSD_PERP,bid,151,7924.0
2024-08-11 20:01:24,SOLUSD_PERP,ask,151,6932.0
2024-08-11 20:01:24,SOLUSD_PERP,ask,151,10500.0
2024-08-11 20:01:24,SOLUSD_PERP,ask,151,7336.0
2024-08-11 20:01:24,SOLUSD_PERP,bid,150,12500.0
2024-08-11 20:01:24,SOLUSD_PERP,ask,151,6601.0
2024-08-11 20:01:24,SOLUSD_PERP,ask,151,6603.0
2024-08-11 20:01:24,SOLUSD_PERP,ask,152,29861.0
2024-08-11 20:01:24,SOLUSD_PERP,ask,151,6603.0
2024-08-11 20:01:25,SOLUSD_PERP,ask,151,6602.0
2024-08-11 20:01:26,SOLUSD_PERP,ask,151,7270.0
2024-08-11 20:01:26,SOLUSD_PERP,ask,151,7582.0
2024-08-11 20:01:26,SOLUSD_PERP,ask,151,10112.0
2024-08-11 20:01:26,SOLUSD_PERP,ask,151,7573.0
2024-08-11 20:01:27,SOLUSD_PERP,ask,151,7761.0
2024-08-11 20:01:28,SOLUSD_PERP,ask,151,6746.0
2024-08-11 20:01:28,SOLUSD_PERP,ask,151,6614.0
2024-08-11 20:01:28,SOLUSD_PERP,bid,151,8273.0
2024-08-11 20:01:28,SOLUSD_PERP,ask,151,7573.0
2024-08-11 20:01:28,SOLUSD_PERP,bid,150,7094.0
2024-08-11 20:01:28,SOLUSD_PERP,ask,151,10233.0
2024-08-11 20:01:28,SOLUSD_PERP,ask,151,7663.0
2024-08-11 20:01:29,SOLUSD_PERP,ask,151,7653.0
2024-08-11 20:01:29,SOLUSD_PERP,ask,151,8133.0
2024-08-11 20:01:29,SOLUSD_PERP,ask,151,7604.0
2024-08-11 20:01:29,SOLUSD_PERP,ask,151,7573.0
2024-08-11 20:01:29,SOLUSD_PERP,ask,151,7230.0
2024-08-11 20:01:30,SOLUSD_PERP,ask,151,7582.0
2024-08-11 20:01:30,SOLUSD_PERP,ask,151,7230.0
2024-08-11 20:01:30,SOLUSD_PERP,ask,151,6639.0
2024-08-11 20:01:30,SOLUSD_PERP,ask,151,7459.0
2024-08-11 20:01:31,SOLUSD_PERP,ask,151,8547.0
2024-08-11 20:01:31,SOLUSD_PERP,ask,151,7573.0
2024-08-11 20:01:31,SOLUSD_PERP,ask,151,6972.0
2024-08-11 20:01:31,SOLUSD_PERP,ask,151,6805.0
2024-08-11 20:01:31,SOLUSD_PERP,bid,150,10500.0
2024-08-11 20:01:31,SOLUSD_PERP,ask,151,7133.0
2024-08-11 20:01:31,SOLUSD_PERP,ask,151,10839.0
2024-08-11 20:01:31,SOLUSD_PERP,ask,151,6805.0
2024-08-11 20:01:31,SOLUSD_PERP,ask,151,6645.0
2024-08-11 20:01:31,SOLUSD_PERP,ask,151,6806.0
2024-08-11 20:01:32,SOLUSD_PERP,ask,151,6806.0
2024-08-11 20:01:32,SOLUSD_PERP,ask,151,6807.0
2024-08-11 20:01:32,SOLUSD_PERP,ask,151,6623.0
2024-08-11 20:01:32,SOLUSD_PERP,ask,151,6623.0
2024-08-11 20:01:32,SOLUSD_PERP,ask,151,6624.0
2024-08-11 20:01:32,SOLUSD_PERP,ask,151,7573.0
2024-08-11 20:01:33,SOLUSD_PERP,ask,151,7573.0
2024-08-11 20:01:33,SOLUSD_PERP,ask,151,6623.0
2024-08-11 20:01:33,SOLUSD_PERP,ask,151,7623.0
2024-08-11 20:01:33,SOLUSD_PERP,ask,151,6623.0
2024-08-11 20:01:33,SOLUSD_PERP,ask,151,6623.0
2024-08-11 20:01:33,SOLUSD_PERP,ask,151,7573.0
2024-08-11 20:01:34,SOLUSD_PERP,ask,151,10536.0
2024-08-11 20:01:34,SOLUSD_PERP,ask,151,7801.0
2024-08-11 20:01:35,SOLUSD_PERP,ask,151,7675.0
2024-08-11 20:01:35,SOLUSD_PERP,ask,151,6685.0
2024-08-11 20:01:35,SOLUSD_PERP,ask,151,7573.0
2024-08-11 20:01:35,SOLUSD_PERP,ask,151,7000.0
2024-08-11 20:01:36,SOLUSD_PERP,ask,151,7628.0
2024-08-11 20:01:36,SOLUSD_PERP,ask,151,7628.0
2024-08-11 20:01:37,SOLUSD_PERP,ask,151,10221.0
2024-08-11 20:01:37,SOLUSD_PERP,ask,151,7504.0
2024-08-11 20:01:37,SOLUSD_PERP,ask,151,10507.0
2024-08-11 20:01:38,SOLUSD_PERP,ask,151,9238.0
2024-08-11 20:01:38,SOLUSD_PERP,ask,151,6638.0
2024-08-11 20:01:38,SOLUSD_PERP,bid,150,8273.0
2024-08-11 20:01:38,SOLUSD_PERP,bid,151,8225.0
2024-08-11 20:01:39,SOLUSD_PERP,bid,150,7150.0
2024-08-11 20:01:40,SOLUSD_PERP,bid,151,6783.0
2024-08-11 20:01:40,SOLUSD_PERP,ask,151,6651.0
2024-08-11 20:01:41,SOLUSD_PERP,ask,151,6651.0
2024-08-11 20:01:41,SOLUSD_PERP,ask,151,9422.0
2024-08-11 20:01:42,SOLUSD_PERP,bid,151,7147.0
2024-08-11 20:01:43,SOLUSD_PERP,bid,149,29817.0
2024-08-11 20:01:45,SOLUSD_PERP,bid,151,6671.0
2024-08-11 20:01:46,SOLUSD_PERP,bid,151,6787.0
2024-08-11 20:01:46,SOLUSD_PERP,bid,151,6910.0
2024-08-11 20:01:46,SOLUSD_PERP,bid,150,10832.0
2024-08-11 20:01:47,SOLUSD_PERP,bid,151,8327.0
2024-08-11 20:01:49,SOLUSD_PERP,bid,151,6843.0
2024-08-11 20:01:50,SOLUSD_PERP,bid,151,6727.0
2024-08-11 20:01:53,SOLUSD_PERP,ask,151,9023.0
2024-08-11 20:01:53,SOLUSD_PERP,bid,151,7467.0
2024-08-11 20:01:53,SOLUSD_PERP,ask,151,9024.0
2024-08-11 20:01:54,SOLUSD_PERP,ask,151,6669.0
2024-08-11 20:01:54,SOLUSD_PERP,ask,151,6669.0
2024-08-11 20:01:56,SOLUSD_PERP,bid,151,7315.0
2024-08-11 20:01:56,SOLUSD_PERP,bid,151,7308.0
2024-08-11 20:01:56,SOLUSD_PERP,ask,152,35000.0
2024-08-11 20:02:00,SOLUSD_PERP,ask,151,6834.0
2024-08-11 20:02:00,SOLUSD_PERP,bid,150,10500.0
2024-08-11 20:02:00,SOLUSD_PERP,ask,151,6611.0
2024-08-11 20:02:01,SOLUSD_PERP,ask,151,7000.0
2024-08-11 20:02:01,SOLUSD_PERP,bid,150,10832.0
2024-08-11 20:02:02,SOLUSD_PERP,bid,151,7359.0
2024-08-11 20:02:02,SOLUSD_PERP,bid,151,7465.0
2024-08-11 20:02:03,SOLUSD_PERP,bid,140,12035.0
2024-08-11 20:02:03,SOLUSD_PERP,bid,145,182059.0
2024-08-11 20:02:03,SOLUSD_PERP,bid,150,6634.0
2024-08-11 20:02:03,SOLUSD_PERP,bid,150,35000.0
2024-08-11 20:02:03,SOLUSD_PERP,bid,150,19250.0
2024-08-11 20:02:04,SOLUSD_PERP,ask,151,8863.0
2024-08-11 20:02:06,SOLUSD_PERP,bid,150,7000.0
2024-08-11 20:02:06,SOLUSD_PERP,ask,151,7048.0
2024-08-11 20:02:06,SOLUSD_PERP,ask,151,8136.0
2024-08-11 20:02:06,SOLUSD_PERP,ask,151,7120.0
2024-08-11 20:02:06,SOLUSD_PERP,ask,151,8952.0
2024-08-11 20:02:07,SOLUSD_PERP,bid,151,7222.0
2024-08-11 20:02:07,SOLUSD_PERP,ask,151,7141.0
2024-08-11 20:02:07,SOLUSD_PERP,bid,151,7182.0
2024-08-11 20:02:08,SOLUSD_PERP,ask,151,7141.0
2024-08-11 20:02:11,SOLUSD_PERP,bid,151,7240.0
2024-08-11 20:02:12,SOLUSD_PERP,bid,151,7243.0
2024-08-11 20:02:12,SOLUSD_PERP,ask,151,6921.0
2024-08-11 20:02:12,SOLUSD_PERP,bid,151,7139.0
2024-08-11 20:02:12,SOLUSD_PERP,ask,151,6964.0
2024-08-11 20:02:13,SOLUSD_PERP,ask,151,6964.0
2024-08-11 20:02:13,SOLUSD_PERP,ask,151,7061.0
2024-08-11 20:02:13,SOLUSD_PERP,bid,150,8515.0
2024-08-11 20:02:13,SOLUSD_PERP,bid,150,9649.0
2024-08-11 20:02:13,SOLUSD_PERP,bid,150,10500.0
2024-08-11 20:02:13,SOLUSD_PERP,ask,151,7049.0
2024-08-11 20:02:14,SOLUSD_PERP,ask,151,10884.0
2024-08-11 20:02:15,SOLUSD_PERP,ask,151,7149.0
2024-08-11 20:02:15,SOLUSD_PERP,bid,150,21747.0
2024-08-11 20:02:15,SOLUSD_PERP,ask,151,7477.0
2024-08-11 20:02:15,SOLUSD_PERP,ask,151,7477.0
2024-08-11 20:02:16,SOLUSD_PERP,ask,151,7099.0
2024-08-11 20:02:16,SOLUSD_PERP,ask,151,7118.0
2024-08-11 20:02:16,SOLUSD_PERP,ask,151,7293.0
2024-08-11 20:02:16,SOLUSD_PERP,ask,151,9375.0
2024-08-11 20:02:17,SOLUSD_PERP,bid,150,7308.0
2024-08-11 20:02:17,SOLUSD_PERP,ask,151,6976.0
2024-08-11 20:02:17,SOLUSD_PERP,ask,151,6773.0
2024-08-11 20:02:17,SOLUSD_PERP,ask,153,7608.0
2024-08-11 20:02:18,SOLUSD_PERP,ask,151,6815.0
2024-08-11 20:02:19,SOLUSD_PERP,ask,151,6750.0
2024-08-11 20:02:20,SOLUSD_PERP,bid,150,6984.0
2024-08-11 20:02:22,SOLUSD_PERP,ask,151,19250.0
2024-08-11 20:02:23,SOLUSD_PERP,bid,150,7437.0
2024-08-11 20:02:23,SOLUSD_PERP,bid,150,6894.0
2024-08-11 20:02:25,SOLUSD_PERP,bid,150,6743.0
2024-08-11 20:02:26,SOLUSD_PERP,ask,152,35000.0
2024-08-11 20:02:28,SOLUSD_PERP,bid,150,6743.0
2024-08-11 20:02:29,SOLUSD_PERP,bid,150,6743.0
2024-08-11 20:02:29,SOLUSD_PERP,bid,150,6743.0
2024-08-11 20:02:29,SOLUSD_PERP,bid,150,6740.0
2024-08-11 20:02:30,SOLUSD_PERP,bid,150,6735.0
2024-08-11 20:02:31,SOLUSD_PERP,bid,150,6735.0
2024-08-11 20:02:31,SOLUSD_PERP,bid,150,19250.0
2024-08-11 20:02:31,SOLUSD_PERP,bid,150,6749.0
2024-08-11 20:02:31,SOLUSD_PERP,bid,150,6749.0
2024-08-11 20:02:32,SOLUSD_PERP,ask,151,7920.0
2024-08-11 20:02:32,SOLUSD_PERP,bid,150,6662.0
2024-08-11 20:02:33,SOLUSD_PERP,bid,150,34124.0
2024-08-11 20:02:33,SOLUSD_PERP,bid,150,12641.0
2024-08-11 20:02:33,SOLUSD_PERP,bid,150,12500.0
2024-08-11 20:02:33,SOLUSD_PERP,bid,150,10500.0
2024-08-11 20:02:33,SOLUSD_PERP,bid,150,8281.0
2024-08-11 20:02:33,SOLUSD_PERP,bid,150,6758.0
2024-08-11 20:02:33,SOLUSD_PERP,bid,150,19250.0
2024-08-11 20:02:33,SOLUSD_PERP,bid,150,8765.0
2024-08-11 20:02:33,SOLUSD_PERP,bid,150,10832.0
2024-08-11 20:02:33,SOLUSD_PERP,ask,151,6624.0
2024-08-11 20:02:33,SOLUSD_PERP,ask,152,18000.0
2024-08-11 20:02:33,SOLUSD_PERP,ask,151,7667.0
2024-08-11 20:02:34,SOLUSD_PERP,bid,149,40579.0
2024-08-11 20:02:34,SOLUSD_PERP,bid,150,12500.0
2024-08-11 20:02:34,SOLUSD_PERP,bid,150,8274.0
2024-08-11 20:02:34,SOLUSD_PERP,ask,151,8231.0
2024-08-11 20:02:34,SOLUSD_PERP,bid,148,7365.0
2024-08-11 20:02:34,SOLUSD_PERP,ask,151,7530.0
2024-08-11 20:02:34,SOLUSD_PERP,ask,152,29840.0
2024-08-11 20:02:35,SOLUSD_PERP,bid,150,10500.0
2024-08-11 20:02:35,SOLUSD_PERP,bid,150,7406.0
2024-08-11 20:02:35,SOLUSD_PERP,ask,151,7169.0
2024-08-11 20:02:35,SOLUSD_PERP,ask,151,7642.0
2024-08-11 20:02:36,SOLUSD_PERP,bid,150,7066.0
2024-08-11 20:02:36,SOLUSD_PERP,bid,150,6885.0
2024-08-11 20:02:36,SOLUSD_PERP,ask,151,8102.0
2024-08-11 20:02:36,SOLUSD_PERP,ask,151,7952.0
2024-08-11 20:02:37,SOLUSD_PERP,bid,150,6716.0
2024-08-11 20:02:37,SOLUSD_PERP,ask,151,7861.0
2024-08-11 20:02:37,SOLUSD_PERP,ask,151,6733.0
2024-08-11 20:02:38,SOLUSD_PERP,bid,150,10518.0
2024-08-11 20:02:38,SOLUSD_PERP,bid,150,8273.0
2024-08-11 20:02:38,SOLUSD_PERP,bid,150,7642.0
2024-08-11 20:02:39,SOLUSD_PERP,bid,150,6838.0
2024-08-11 20:02:43,SOLUSD_PERP,bid,150,7642.0
2024-08-11 20:02:44,SOLUSD_PERP,ask,151,6855.0
2024-08-11 20:02:44,SOLUSD_PERP,ask,152,7963.0
2024-08-11 20:02:46,SOLUSD_PERP,ask,151,6635.0
2024-08-11 20:02:46,SOLUSD_PERP,ask,151,7265.0
2024-08-11 20:02:47,SOLUSD_PERP,ask,151,6854.0
2024-08-11 20:02:47,SOLUSD_PERP,ask,151,6934.0
2024-08-11 20:02:47,SOLUSD_PERP,ask,151,8405.0
2024-08-11 20:02:48,SOLUSD_PERP,ask,151,6770.0
2024-08-11 20:02:50,SOLUSD_PERP,ask,151,6624.0
2024-08-11 20:02:50,SOLUSD_PERP,ask,151,10715.0
2024-08-11 20:02:51,SOLUSD_PERP,ask,151,8417.0
2024-08-11 20:02:51,SOLUSD_PERP,ask,151,6632.0
2024-08-11 20:02:51,SOLUSD_PERP,ask,151,6679.0
2024-08-11 20:02:51,SOLUSD_PERP,bid,151,6799.0
2024-08-11 20:02:51,SOLUSD_PERP,ask,151,6679.0
2024-08-11 20:02:51,SOLUSD_PERP,ask,151,6680.0
2024-08-11 20:02:51,SOLUSD_PERP,bid,151,6744.0
2024-08-11 20:02:51,SOLUSD_PERP,ask,151,6804.0
2024-08-11 20:02:51,SOLUSD_PERP,ask,151,6805.0
2024-08-11 20:02:52,SOLUSD_PERP,ask,151,6679.0
2024-08-11 20:02:53,SOLUSD_PERP,ask,151,6867.0
2024-08-11 20:02:53,SOLUSD_PERP,ask,151,9260.0
2024-08-11 20:02:53,SOLUSD_PERP,ask,151,6883.0
2024-08-11 20:02:53,SOLUSD_PERP,ask,151,8943.0
2024-08-11 20:02:54,SOLUSD_PERP,bid,150,12500.0
2024-08-11 20:02:54,SOLUSD_PERP,bid,150,14791.0
2024-08-11 20:02:54,SOLUSD_PERP,ask,151,6725.0
2024-08-11 20:02:54,SOLUSD_PERP,ask,152,29852.0
2024-08-11 20:02:54,SOLUSD_PERP,ask,151,7446.0
2024-08-11 20:02:54,SOLUSD_PERP,ask,151,7905.0
2024-08-11 20:02:54,SOLUSD_PERP,ask,151,6814.0
2024-08-11 20:02:55,SOLUSD_PERP,ask,151,8383.0
2024-08-11 20:02:55,SOLUSD_PERP,ask,151,8086.0
2024-08-11 20:02:55,SOLUSD_PERP,ask,151,6633.0
2024-08-11 20:02:55,SOLUSD_PERP,ask,151,6632.0
2024-08-11 20:02:55,SOLUSD_PERP,ask,151,6633.0
2024-08-11 20:02:55,SOLUSD_PERP,ask,151,6632.0
2024-08-11 20:02:56,SOLUSD_PERP,ask,151,6632.0
2024-08-11 20:02:56,SOLUSD_PERP,ask,151,8194.0
2024-08-11 20:02:56,SOLUSD_PERP,ask,151,7573.0
2024-08-11 20:02:56,SOLUSD_PERP,bid,130,103051.0
2024-08-11 20:02:56,SOLUSD_PERP,ask,151,6793.0
2024-08-11 20:02:57,SOLUSD_PERP,bid,130,101077.0
2024-08-11 20:02:57,SOLUSD_PERP,ask,151,7195.0
2024-08-11 20:02:57,SOLUSD_PERP,bid,150,8567.0
2024-08-11 20:02:57,SOLUSD_PERP,ask,151,8251.0
2024-08-11 20:02:57,SOLUSD_PERP,ask,151,6718.0
2024-08-11 20:02:58,SOLUSD_PERP,ask,151,6718.0
2024-08-11 20:02:59,SOLUSD_PERP,bid,150,10500.0
2024-08-11 20:02:59,SOLUSD_PERP,bid,150,11560.0
2024-08-11 20:03:01,SOLUSD_PERP,bid,150,6943.0
2024-08-11 20:03:02,SOLUSD_PERP,ask,151,6756.0
2024-08-11 20:03:02,SOLUSD_PERP,ask,151,7145.0
2024-08-11 20:03:04,SOLUSD_PERP,ask,152,29852.0
2024-08-11 20:03:06,SOLUSD_PERP,ask,151,7204.0
2024-08-11 20:03:06,SOLUSD_PERP,ask,151,7029.0
2024-08-11 20:03:07,SOLUSD_PERP,ask,151,7063.0
2024-08-11 20:03:07,SOLUSD_PERP,ask,151,6841.0
2024-08-11 20:03:07,SOLUSD_PERP,ask,151,6841.0
2024-08-11 20:03:08,SOLUSD_PERP,bid,150,8109.0
2024-08-11 20:03:09,SOLUSD_PERP,ask,151,7000.0
2024-08-11 20:03:09,SOLUSD_PERP,ask,151,7594.0
2024-08-11 20:03:10,SOLUSD_PERP,ask,151,7581.0
2024-08-11 20:03:11,SOLUSD_PERP,ask,151,6818.0
2024-08-11 20:03:13,SOLUSD_PERP,ask,151,6678.0
2024-08-11 20:03:14,SOLUSD_PERP,bid,149,29863.0
2024-08-11 20:03:14,SOLUSD_PERP,bid,150,12500.0
2024-08-11 20:03:14,SOLUSD_PERP,bid,150,8273.0
2024-08-11 20:03:14,SOLUSD_PERP,bid,148,32440.0
2024-08-11 20:03:15,SOLUSD_PERP,ask,151,8785.0
2024-08-11 20:03:16,SOLUSD_PERP,bid,150,11560.0
2024-08-11 20:03:17,SOLUSD_PERP,bid,150,10505.0
2024-08-11 20:03:18,SOLUSD_PERP,ask,151,7000.0
2024-08-11 20:03:18,SOLUSD_PERP,ask,151,8264.0
2024-08-11 20:03:19,SOLUSD_PERP,bid,150,11914.0
2024-08-11 20:03:20,SOLUSD_PERP,bid,150,13521.0
2024-08-11 20:03:20,SOLUSD_PERP,ask,151,10500.0
2024-08-11 20:03:20,SOLUSD_PERP,ask,151,6883.0
2024-08-11 20:03:21,SOLUSD_PERP,bid,150,7000.0
2024-08-11 20:03:21,SOLUSD_PERP,bid,149,29948.0
2024-08-11 20:03:21,SOLUSD_PERP,ask,151,8569.0
2024-08-11 20:03:22,SOLUSD_PERP,bid,149,29911.0
2024-08-11 20:03:22,SOLUSD_PERP,bid,149,35000.0
2024-08-11 20:03:22,SOLUSD_PERP,ask,151,11156.0
2024-08-11 20:03:24,SOLUSD_PERP,bid,150,7599.0
2024-08-11 20:03:24,SOLUSD_PERP,ask,151,8985.0
2024-08-11 20:03:24,SOLUSD_PERP,ask,151,9041.0
2024-08-11 20:03:24,SOLUSD_PERP,bid,150,9446.0
2024-08-11 20:03:24,SOLUSD_PERP,bid,150,10505.0
2024-08-11 20:03:24,SOLUSD_PERP,ask,151,7232.0
2024-08-11 20:03:25,SOLUSD_PERP,bid,150,10505.0
2024-08-11 20:03:25,SOLUSD_PERP,ask,151,7232.0
2024-08-11 20:03:25,SOLUSD_PERP,ask,151,8457.0
2024-08-11 20:03:25,SOLUSD_PERP,ask,151,8457.0
2024-08-11 20:03:25,SOLUSD_PERP,ask,151,8457.0
2024-08-11 20:03:29,SOLUSD_PERP,ask,151,6884.0
2024-08-11 20:03:30,SOLUSD_PERP,ask,151,10500.0
2024-08-11 20:03:30,SOLUSD_PERP,bid,150,12500.0
2024-08-11 20:03:31,SOLUSD_PERP,ask,151,7059.0
2024-08-11 20:03:31,SOLUSD_PERP,ask,151,6957.0
2024-08-11 20:03:34,SOLUSD_PERP,bid,150,13513.0
2024-08-11 20:03:34,SOLUSD_PERP,ask,151,8308.0
2024-08-11 20:03:35,SOLUSD_PERP,ask,150,6674.0
2024-08-11 20:03:36,SOLUSD_PERP,bid,150,8602.0
2024-08-11 20:03:36,SOLUSD_PERP,ask,150,7336.0
2024-08-11 20:03:36,SOLUSD_PERP,bid,149,7000.0
2024-08-11 20:03:36,SOLUSD_PERP,ask,150,7546.0
2024-08-11 20:03:37,SOLUSD_PERP,ask,150,7546.0
2024-08-11 20:03:37,SOLUSD_PERP,ask,150,7397.0
2024-08-11 20:03:37,SOLUSD_PERP,bid,149,29843.0
2024-08-11 20:03:37,SOLUSD_PERP,bid,150,20777.0
2024-08-11 20:03:37,SOLUSD_PERP,bid,150,12641.0
2024-08-11 20:03:37,SOLUSD_PERP,bid,150,12500.0
2024-08-11 20:03:37,SOLUSD_PERP,bid,150,10828.0
2024-08-11 20:03:37,SOLUSD_PERP,bid,150,8396.0
2024-08-11 20:03:38,SOLUSD_PERP,bid,149,34125.0
2024-08-11 20:03:38,SOLUSD_PERP,bid,150,7000.0
2024-08-11 20:03:38,SOLUSD_PERP,bid,150,11156.0
2024-08-11 20:03:38,SOLUSD_PERP,ask,150,7643.0
2024-08-11 20:03:38,SOLUSD_PERP,ask,153,7592.0
2024-08-11 20:03:38,SOLUSD_PERP,bid,150,8274.0
2024-08-11 20:03:38,SOLUSD_PERP,ask,151,7068.0
2024-08-11 20:03:39,SOLUSD_PERP,ask,150,7057.0
2024-08-11 20:03:39,SOLUSD_PERP,ask,150,7592.0
2024-08-11 20:03:40,SOLUSD_PERP,ask,150,7592.0
2024-08-11 20:03:40,SOLUSD_PERP,bid,150,8273.0
2024-08-11 20:03:40,SOLUSD_PERP,bid,150,10828.0
2024-08-11 20:03:40,SOLUSD_PERP,ask,150,7861.0
2024-08-11 20:03:40,SOLUSD_PERP,ask,151,6716.0
2024-08-11 20:03:42,SOLUSD_PERP,ask,150,7926.0
2024-08-11 20:03:42,SOLUSD_PERP,ask,150,7926.0
2024-08-11 20:03:42,SOLUSD_PERP,ask,150,10087.0
2024-08-11 20:03:42,SOLUSD_PERP,ask,150,8051.0
2024-08-11 20:03:43,SOLUSD_PERP,ask,150,8135.0
2024-08-11 20:03:43,SOLUSD_PERP,ask,150,10225.0
2024-08-11 20:03:43,SOLUSD_PERP,ask,150,7964.0
2024-08-11 20:03:44,SOLUSD_PERP,ask,150,7838.0
2024-08-11 20:03:44,SOLUSD_PERP,ask,150,7569.0
2024-08-11 20:03:45,SOLUSD_PERP,ask,151,7873.0
2024-08-11 20:03:46,SOLUSD_PERP,ask,150,6630.0
2024-08-11 20:03:46,SOLUSD_PERP,ask,150,6630.0
2024-08-11 20:03:46,SOLUSD_PERP,ask,150,6743.0
2024-08-11 20:03:46,SOLUSD_PERP,ask,150,6630.0
2024-08-11 20:03:47,SOLUSD_PERP,ask,150,6773.0
2024-08-11 20:03:47,SOLUSD_PERP,ask,150,6660.0
2024-08-11 20:03:48,SOLUSD_PERP,ask,150,6768.0
2024-08-11 20:03:48,SOLUSD_PERP,ask,150,6767.0
2024-08-11 20:03:48,SOLUSD_PERP,ask,150,8352.0
2024-08-11 20:03:48,SOLUSD_PERP,ask,150,7099.0
2024-08-11 20:03:48,SOLUSD_PERP,ask,150,7059.0
2024-08-11 20:03:48,SOLUSD_PERP,ask,151,29806.0
2024-08-11 20:03:48,SOLUSD_PERP,ask,150,6768.0
2024-08-11 20:03:49,SOLUSD_PERP,ask,150,10390.0
2024-08-11 20:03:49,SOLUSD_PERP,ask,150,6849.0
2024-08-11 20:03:49,SOLUSD_PERP,ask,150,6716.0
2024-08-11 20:03:49,SOLUSD_PERP,ask,150,10338.0
2024-08-11 20:03:49,SOLUSD_PERP,ask,150,6718.0
2024-08-11 20:03:49,SOLUSD_PERP,ask,150,7048.0
2024-08-11 20:03:49,SOLUSD_PERP,ask,150,7048.0
2024-08-11 20:03:49,SOLUSD_PERP,ask,150,7710.0
2024-08-11 20:03:49,SOLUSD_PERP,ask,150,7710.0
2024-08-11 20:03:49,SOLUSD_PERP,ask,150,7048.0
2024-08-11 20:03:50,SOLUSD_PERP,ask,150,7049.0
2024-08-11 20:03:50,SOLUSD_PERP,ask,150,7233.0
2024-08-11 20:03:50,SOLUSD_PERP,ask,151,7573.0
2024-08-11 20:03:50,SOLUSD_PERP,ask,150,6902.0
2024-08-11 20:03:50,SOLUSD_PERP,ask,150,7895.0
2024-08-11 20:03:50,SOLUSD_PERP,ask,150,6990.0
2024-08-11 20:03:50,SOLUSD_PERP,ask,150,7234.0
2024-08-11 20:03:50,SOLUSD_PERP,ask,150,7233.0
2024-08-11 20:03:51,SOLUSD_PERP,ask,150,6902.0
2024-08-11 20:03:51,SOLUSD_PERP,ask,150,7099.0
2024-08-11 20:03:51,SOLUSD_PERP,ask,150,7187.0
2024-08-11 20:03:51,SOLUSD_PERP,bid,150,6669.0
2024-08-11 20:03:51,SOLUSD_PERP,ask,150,7187.0
2024-08-11 20:03:51,SOLUSD_PERP,ask,150,11413.0
2024-08-11 20:03:52,SOLUSD_PERP,ask,150,7187.0
2024-08-11 20:03:52,SOLUSD_PERP,ask,150,8092.0
2024-08-11 20:03:52,SOLUSD_PERP,ask,150,7306.0
2024-08-11 20:03:52,SOLUSD_PERP,ask,150,7637.0
2024-08-11 20:03:52,SOLUSD_PERP,ask,150,7394.0
2024-08-11 20:03:52,SOLUSD_PERP,ask,150,7394.0
2024-08-11 20:03:53,SOLUSD_PERP,ask,150,8299.0
2024-08-11 20:03:53,SOLUSD_PERP,ask,150,7394.0
2024-08-11 20:03:53,SOLUSD_PERP,ask,150,11948.0
2024-08-11 20:03:53,SOLUSD_PERP,ask,150,7839.0
2024-08-11 20:03:53,SOLUSD_PERP,ask,150,7839.0
2024-08-11 20:03:53,SOLUSD_PERP,ask,150,7508.0
2024-08-11 20:03:54,SOLUSD_PERP,ask,150,7930.0
2024-08-11 20:03:54,SOLUSD_PERP,ask,150,7705.0
2024-08-11 20:03:54,SOLUSD_PERP,ask,150,7598.0
2024-08-11 20:03:54,SOLUSD_PERP,ask,150,7930.0
2024-08-11 20:03:55,SOLUSD_PERP,ask,150,7705.0
2024-08-11 20:03:55,SOLUSD_PERP,ask,150,7752.0
2024-08-11 20:03:55,SOLUSD_PERP,ask,150,8084.0
2024-08-11 20:03:55,SOLUSD_PERP,ask,150,7752.0
2024-08-11 20:03:55,SOLUSD_PERP,ask,150,7859.0
2024-08-11 20:03:55,SOLUSD_PERP,bid,145,181754.0
2024-08-11 20:03:55,SOLUSD_PERP,bid,147,170295.0
2024-08-11 20:03:55,SOLUSD_PERP,ask,150,7752.0
2024-08-11 20:03:56,SOLUSD_PERP,ask,150,7970.0
2024-08-11 20:03:56,SOLUSD_PERP,ask,150,7863.0
2024-08-11 20:03:57,SOLUSD_PERP,ask,150,9437.0
2024-08-11 20:03:57,SOLUSD_PERP,ask,150,7982.0
2024-08-11 20:03:57,SOLUSD_PERP,ask,150,7982.0
2024-08-11 20:03:57,SOLUSD_PERP,ask,150,7982.0
2024-08-11 20:03:57,SOLUSD_PERP,ask,150,7981.0
2024-08-11 20:03:57,SOLUSD_PERP,ask,150,8042.0
2024-08-11 20:03:58,SOLUSD_PERP,ask,150,7830.0
2024-08-11 20:03:58,SOLUSD_PERP,ask,150,12533.0
2024-08-11 20:03:58,SOLUSD_PERP,ask,150,7997.0
2024-08-11 20:03:59,SOLUSD_PERP,ask,150,7829.0
2024-08-11 20:03:59,SOLUSD_PERP,ask,150,7829.0
2024-08-11 20:03:59,SOLUSD_PERP,ask,150,7829.0
2024-08-11 20:03:59,SOLUSD_PERP,ask,150,7829.0
2024-08-11 20:03:59,SOLUSD_PERP,ask,150,8096.0
2024-08-11 20:03:59,SOLUSD_PERP,ask,150,7800.0
2024-08-11 20:03:59,SOLUSD_PERP,ask,150,7801.0
2024-08-11 20:03:59,SOLUSD_PERP,ask,150,7801.0
2024-08-11 20:04:00,SOLUSD_PERP,ask,150,8844.0
2024-08-11 20:04:00,SOLUSD_PERP,ask,150,9338.0
2024-08-11 20:04:00,SOLUSD_PERP,ask,150,10347.0
2024-08-11 20:04:00,SOLUSD_PERP,ask,150,7539.0
2024-08-11 20:04:00,SOLUSD_PERP,ask,150,7539.0
2024-08-11 20:04:00,SOLUSD_PERP,ask,150,7540.0
2024-08-11 20:04:00,SOLUSD_PERP,ask,150,12070.0
2024-08-11 20:04:00,SOLUSD_PERP,ask,150,7540.0
2024-08-11 20:04:00,SOLUSD_PERP,ask,150,8170.0
2024-08-11 20:04:01,SOLUSD_PERP,ask,150,7600.0
2024-08-11 20:04:01,SOLUSD_PERP,ask,150,7540.0
2024-08-11 20:04:01,SOLUSD_PERP,ask,150,8876.0
2024-08-11 20:04:01,SOLUSD_PERP,ask,150,7287.0
2024-08-11 20:04:01,SOLUSD_PERP,ask,150,7286.0
2024-08-11 20:04:01,SOLUSD_PERP,ask,150,7286.0
2024-08-11 20:04:02,SOLUSD_PERP,ask,150,7286.0
2024-08-11 20:04:02,SOLUSD_PERP,ask,150,7287.0
2024-08-11 20:04:02,SOLUSD_PERP,ask,150,6984.0
2024-08-11 20:04:02,SOLUSD_PERP,ask,150,6959.0
2024-08-11 20:04:02,SOLUSD_PERP,ask,151,20747.0
2024-08-11 20:04:02,SOLUSD_PERP,ask,150,6959.0
2024-08-11 20:04:02,SOLUSD_PERP,ask,150,6959.0
2024-08-11 20:04:03,SOLUSD_PERP,ask,150,6850.0
2024-08-11 20:04:03,SOLUSD_PERP,ask,150,7669.0
2024-08-11 20:04:04,SOLUSD_PERP,ask,150,7256.0
2024-08-11 20:04:04,SOLUSD_PERP,bid,150,7000.0
2024-08-11 20:04:05,SOLUSD_PERP,ask,150,7642.0
2024-08-11 20:04:07,SOLUSD_PERP,bid,150,6839.0
2024-08-11 20:04:08,SOLUSD_PERP,bid,147,7294.0
2024-08-11 20:04:10,SOLUSD_PERP,bid,150,12508.0
2024-08-11 20:04:10,SOLUSD_PERP,ask,150,7369.0
2024-08-11 20:04:10,SOLUSD_PERP,bid,150,7000.0
2024-08-11 20:04:10,SOLUSD_PERP,ask,150,10500.0
2024-08-11 20:04:10,SOLUSD_PERP,bid,150,7055.0
2024-08-11 20:04:10,SOLUSD_PERP,ask,151,19433.0
2024-08-11 20:04:11,SOLUSD_PERP,bid,150,8601.0
2024-08-11 20:04:11,SOLUSD_PERP,bid,150,11159.0
2024-08-11 20:04:11,SOLUSD_PERP,bid,150,10831.0
2024-08-11 20:04:13,SOLUSD_PERP,bid,150,8273.0
2024-08-11 20:04:14,SOLUSD_PERP,bid,150,7435.0
2024-08-11 20:04:15,SOLUSD_PERP,ask,151,7000.0
2024-08-11 20:04:16,SOLUSD_PERP,bid,150,7020.0
2024-08-11 20:04:16,SOLUSD_PERP,bid,149,40616.0
2024-08-11 20:04:16,SOLUSD_PERP,ask,151,7000.0
2024-08-11 20:04:17,SOLUSD_PERP,bid,149,40579.0
2024-08-11 20:04:17,SOLUSD_PERP,bid,150,7424.0
2024-08-11 20:04:19,SOLUSD_PERP,bid,150,21737.0
2024-08-11 20:04:20,SOLUSD_PERP,ask,150,6867.0
2024-08-11 20:04:20,SOLUSD_PERP,ask,150,6916.0
2024-08-11 20:04:20,SOLUSD_PERP,bid,149,35000.0
2024-08-11 20:04:20,SOLUSD_PERP,bid,150,13383.0
2024-08-11 20:04:20,SOLUSD_PERP,bid,150,10500.0
2024-08-11 20:04:21,SOLUSD_PERP,bid,150,19250.0
2024-08-11 20:04:21,SOLUSD_PERP,bid,150,12234.0
2024-08-11 20:04:21,SOLUSD_PERP,ask,151,19250.0
2024-08-11 20:04:21,SOLUSD_PERP,bid,148,7348.0
2024-08-11 20:04:21,SOLUSD_PERP,bid,150,8273.0
2024-08-11 20:04:21,SOLUSD_PERP,ask,154,7629.0
2024-08-11 20:04:21,SOLUSD_PERP,bid,148,18000.0
2024-08-11 20:04:21,SOLUSD_PERP,ask,151,8405.0
2024-08-11 20:04:21,SOLUSD_PERP,ask,151,12342.0
2024-08-11 20:04:21,SOLUSD_PERP,bid,149,40579.0
2024-08-11 20:04:22,SOLUSD_PERP,bid,150,12500.0
2024-08-11 20:04:22,SOLUSD_PERP,bid,150,8601.0
2024-08-11 20:04:22,SOLUSD_PERP,bid,150,12641.0
2024-08-11 20:04:25,SOLUSD_PERP,bid,150,8273.0
2024-08-11 20:04:25,SOLUSD_PERP,bid,149,34124.0
2024-08-11 20:04:25,SOLUSD_PERP,bid,150,10500.0
2024-08-11 20:04:26,SOLUSD_PERP,ask,151,7464.0
2024-08-11 20:04:27,SOLUSD_PERP,bid,147,169986.0
2024-08-11 20:04:30,SOLUSD_PERP,bid,150,8601.0
2024-08-11 20:04:36,SOLUSD_PERP,bid,150,8273.0
2024-08-11 20:04:39,SOLUSD_PERP,bid,150,8602.0
2024-08-11 20:04:39,SOLUSD_PERP,bid,150,8273.0
2024-08-11 20:04:41,SOLUSD_PERP,bid,150,8932.0
2024-08-11 20:04:44,SOLUSD_PERP,ask,150,6773.0
2024-08-11 20:04:45,SOLUSD_PERP,ask,150,6773.0
2024-08-11 20:04:46,SOLUSD_PERP,bid,150,7294.0
2024-08-11 20:04:47,SOLUSD_PERP,bid,150,8066.0
2024-08-11 20:04:48,SOLUSD_PERP,ask,151,12811.0
2024-08-11 20:04:48,SOLUSD_PERP,ask,150,6692.0
2024-08-11 20:04:48,SOLUSD_PERP,ask,150,6692.0
2024-08-11 20:04:49,SOLUSD_PERP,bid,150,8316.0
2024-08-11 20:04:50,SOLUSD_PERP,ask,150,8830.0
2024-08-11 20:04:50,SOLUSD_PERP,ask,150,8805.0
2024-08-11 20:04:50,SOLUSD_PERP,ask,150,7253.0
2024-08-11 20:04:51,SOLUSD_PERP,bid,143,170766.0
2024-08-11 20:04:52,SOLUSD_PERP,ask,150,8193.0
2024-08-11 20:04:53,SOLUSD_PERP,ask,150,8854.0
2024-08-11 20:04:53,SOLUSD_PERP,ask,150,7854.0
2024-08-11 20:04:54,SOLUSD_PERP,bid,150,11347.0
2024-08-11 20:04:54,SOLUSD_PERP,ask,150,9963.0
2024-08-11 20:04:54,SOLUSD_PERP,ask,150,7648.0
2024-08-11 20:04:54,SOLUSD_PERP,bid,150,10500.0
2024-08-11 20:04:54,SOLUSD_PERP,bid,150,6966.0
2024-08-11 20:04:55,SOLUSD_PERP,ask,150,8456.0
2024-08-11 20:04:56,SOLUSD_PERP,ask,152,42603.0
2024-08-11 20:04:56,SOLUSD_PERP,bid,150,7033.0
2024-08-11 20:04:56,SOLUSD_PERP,ask,150,7027.0
2024-08-11 20:04:56,SOLUSD_PERP,ask,150,7027.0
2024-08-11 20:04:58,SOLUSD_PERP,bid,150,6966.0
2024-08-11 20:04:58,SOLUSD_PERP,bid,150,8426.0
2024-08-11 20:04:58,SOLUSD_PERP,ask,150,8025.0
2024-08-11 20:04:59,SOLUSD_PERP,ask,151,29837.0
2024-08-11 20:05:00,SOLUSD_PERP,bid,150,8273.0
2024-08-11 20:05:00,SOLUSD_PERP,ask,150,10829.0
2024-08-11 20:05:01,SOLUSD_PERP,bid,150,7000.0
2024-08-11 20:05:01,SOLUSD_PERP,ask,151,7000.0
2024-08-11 20:05:01,SOLUSD_PERP,ask,150,11160.0
2024-08-11 20:05:02,SOLUSD_PERP,ask,150,6640.0
2024-08-11 20:05:02,SOLUSD_PERP,ask,150,6969.0
2024-08-11 20:05:02,SOLUSD_PERP,ask,150,11489.0
2024-08-11 20:05:02,SOLUSD_PERP,bid,150,12501.0
2024-08-11 20:05:02,SOLUSD_PERP,ask,150,6969.0
2024-08-11 20:05:07,SOLUSD_PERP,bid,149,7000.0
2024-08-11 20:05:09,SOLUSD_PERP,ask,150,7623.0
2024-08-11 20:05:10,SOLUSD_PERP,bid,149,34125.0
2024-08-11 20:05:14,SOLUSD_PERP,ask,151,34018.0
2024-08-11 20:05:15,SOLUSD_PERP,ask,151,8405.0
2024-08-11 20:05:15,SOLUSD_PERP,ask,151,12344.0
2024-08-11 20:05:17,SOLUSD_PERP,ask,150,7952.0
2024-08-11 20:05:18,SOLUSD_PERP,ask,150,8050.0
2024-08-11 20:05:19,SOLUSD_PERP,ask,151,19250.0
2024-08-11 20:05:22,SOLUSD_PERP,ask,151,7051.0
2024-08-11 20:05:23,SOLUSD_PERP,bid,150,6758.0
2024-08-11 20:05:23,SOLUSD_PERP,ask,150,7016.0
2024-08-11 20:05:24,SOLUSD_PERP,ask,151,7613.0
2024-08-11 20:05:24,SOLUSD_PERP,ask,151,6624.0
2024-08-11 20:05:24,SOLUSD_PERP,ask,151,7149.0
2024-08-11 20:05:24,SOLUSD_PERP,ask,151,7150.0
2024-08-11 20:05:24,SOLUSD_PERP,ask,151,8599.0
2024-08-11 20:05:25,SOLUSD_PERP,bid,150,8274.0
2024-08-11 20:05:25,SOLUSD_PERP,bid,150,10829.0
2024-08-11 20:05:25,SOLUSD_PERP,ask,151,7470.0
2024-08-11 20:05:25,SOLUSD_PERP,bid,150,6974.0
2024-08-11 20:05:25,SOLUSD_PERP,ask,151,7000.0
2024-08-11 20:05:26,SOLUSD_PERP,bid,150,10500.0
2024-08-11 20:05:26,SOLUSD_PERP,ask,150,7207.0
2024-08-11 20:05:27,SOLUSD_PERP,ask,151,6805.0
2024-08-11 20:05:28,SOLUSD_PERP,ask,151,6741.0
2024-08-11 20:05:28,SOLUSD_PERP,ask,152,32484.0
2024-08-11 20:05:28,SOLUSD_PERP,ask,151,9753.0
2024-08-11 20:05:29,SOLUSD_PERP,ask,151,12953.0
2024-08-11 20:05:29,SOLUSD_PERP,ask,151,6636.0
2024-08-11 20:05:30,SOLUSD_PERP,ask,151,7080.0
2024-08-11 20:05:31,SOLUSD_PERP,ask,152,29827.0
2024-08-11 20:05:31,SOLUSD_PERP,bid,148,7363.0
2024-08-11 20:05:31,SOLUSD_PERP,bid,150,12641.0
2024-08-11 20:05:32,SOLUSD_PERP,bid,150,19250.0
2024-08-11 20:05:33,SOLUSD_PERP,bid,149,40579.0
2024-08-11 20:05:33,SOLUSD_PERP,bid,150,12502.0
2024-08-11 20:05:34,SOLUSD_PERP,bid,149,7112.0
2024-08-11 20:05:34,SOLUSD_PERP,ask,151,10500.0
2024-08-11 20:05:34,SOLUSD_PERP,ask,151,10500.0
2024-08-11 20:05:35,SOLUSD_PERP,ask,151,6723.0
2024-08-11 20:05:35,SOLUSD_PERP,ask,151,7000.0
2024-08-11 20:05:37,SOLUSD_PERP,ask,151,7581.0
2024-08-11 20:05:38,SOLUSD_PERP,ask,151,7306.0
2024-08-11 20:05:39,SOLUSD_PERP,ask,151,12910.0
2024-08-11 20:05:40,SOLUSD_PERP,bid,150,21749.0
2024-08-11 20:05:40,SOLUSD_PERP,bid,150,10829.0
2024-08-11 20:05:40,SOLUSD_PERP,bid,149,7000.0
2024-08-11 20:05:41,SOLUSD_PERP,bid,150,8440.0
2024-08-11 20:05:41,SOLUSD_PERP,bid,150,10500.0
2024-08-11 20:05:41,SOLUSD_PERP,ask,150,7196.0
2024-08-11 20:05:41,SOLUSD_PERP,bid,150,12833.0
2024-08-11 20:05:41,SOLUSD_PERP,bid,150,7163.0
2024-08-11 20:05:41,SOLUSD_PERP,bid,150,8274.0
2024-08-11 20:05:42,SOLUSD_PERP,bid,150,7602.0
2024-08-11 20:05:42,SOLUSD_PERP,bid,150,12500.0
2024-08-11 20:05:42,SOLUSD_PERP,bid,150,19579.0
2024-08-11 20:05:42,SOLUSD_PERP,bid,150,7163.0
2024-08-11 20:05:42,SOLUSD_PERP,ask,151,10832.0
2024-08-11 20:05:42,SOLUSD_PERP,ask,151,7730.0
2024-08-11 20:05:42,SOLUSD_PERP,bid,150,19250.0
2024-08-11 20:05:42,SOLUSD_PERP,ask,151,12811.0
2024-08-11 20:05:43,SOLUSD_PERP,ask,150,6936.0
2024-08-11 20:05:43,SOLUSD_PERP,ask,150,6936.0
2024-08-11 20:05:43,SOLUSD_PERP,bid,150,19250.0
2024-08-11 20:05:43,SOLUSD_PERP,bid,150,8273.0
2024-08-11 20:05:43,SOLUSD_PERP,bid,150,10500.0
2024-08-11 20:05:44,SOLUSD_PERP,ask,150,8391.0
2024-08-11 20:05:44,SOLUSD_PERP,ask,150,8299.0
2024-08-11 20:05:45,SOLUSD_PERP,bid,149,29775.0
2024-08-11 20:05:45,SOLUSD_PERP,bid,150,12641.0
2024-08-11 20:05:45,SOLUSD_PERP,ask,151,10500.0
2024-08-11 20:05:45,SOLUSD_PERP,ask,151,8095.0
2024-08-11 20:05:47,SOLUSD_PERP,ask,150,8259.0
2024-08-11 20:05:49,SOLUSD_PERP,ask,150,8002.0
2024-08-11 20:05:51,SOLUSD_PERP,bid,149,29948.0
2024-08-11 20:05:52,SOLUSD_PERP,bid,149,29948.0
2024-08-11 20:05:54,SOLUSD_PERP,bid,149,29911.0
2024-08-11 20:05:57,SOLUSD_PERP,ask,150,9185.0
2024-08-11 20:05:58,SOLUSD_PERP,ask,150,9237.0
2024-08-11 20:05:58,SOLUSD_PERP,ask,150,9237.0
2024-08-11 20:05:58,SOLUSD_PERP,ask,150,9237.0
2024-08-11 20:06:00,SOLUSD_PERP,ask,151,7226.0
2024-08-11 20:06:02,SOLUSD_PERP,bid,150,7544.0
2024-08-11 20:06:03,SOLUSD_PERP,ask,151,7000.0
2024-08-11 20:06:03,SOLUSD_PERP,ask,151,7772.0
2024-08-11 20:06:05,SOLUSD_PERP,ask,151,8517.0
2024-08-11 20:06:05,SOLUSD_PERP,ask,152,29802.0
2024-08-11 20:06:06,SOLUSD_PERP,ask,151,11158.0
2024-08-11 20:06:07,SOLUSD_PERP,bid,150,7595.0
2024-08-11 20:06:07,SOLUSD_PERP,bid,150,7193.0
2024-08-11 20:06:08,SOLUSD_PERP,ask,151,6745.0
2024-08-11 20:06:08,SOLUSD_PERP,ask,151,8986.0
2024-08-11 20:06:08,SOLUSD_PERP,bid,150,7208.0
2024-08-11 20:06:08,SOLUSD_PERP,bid,150,8602.0
2024-08-11 20:06:08,SOLUSD_PERP,bid,150,7651.0
2024-08-11 20:06:09,SOLUSD_PERP,ask,151,11490.0
2024-08-11 20:06:10,SOLUSD_PERP,ask,151,8740.0
2024-08-11 20:06:12,SOLUSD_PERP,bid,150,8273.0
2024-08-11 20:06:12,SOLUSD_PERP,ask,151,8954.0
2024-08-11 20:06:12,SOLUSD_PERP,ask,151,6898.0
2024-08-11 20:06:12,SOLUSD_PERP,bid,150,9499.0
2024-08-11 20:06:12,SOLUSD_PERP,ask,151,7000.0
2024-08-11 20:06:14,SOLUSD_PERP,ask,151,11158.0
2024-08-11 20:06:15,SOLUSD_PERP,ask,151,9022.0
2024-08-11 20:06:19,SOLUSD_PERP,ask,151,9284.0
2024-08-11 20:06:20,SOLUSD_PERP,bid,150,6720.0
2024-08-11 20:06:20,SOLUSD_PERP,ask,151,10097.0
2024-08-11 20:06:20,SOLUSD_PERP,ask,151,10097.0
2024-08-11 20:06:20,SOLUSD_PERP,bid,150,6720.0
2024-08-11 20:06:20,SOLUSD_PERP,bid,150,6820.0
2024-08-11 20:06:22,SOLUSD_PERP,bid,150,7125.0
2024-08-11 20:06:24,SOLUSD_PERP,bid,149,35015.0
2024-08-11 20:06:24,SOLUSD_PERP,bid,150,7455.0
2024-08-11 20:06:24,SOLUSD_PERP,bid,150,7455.0
2024-08-11 20:06:27,SOLUSD_PERP,bid,150,7163.0
2024-08-11 20:06:27,SOLUSD_PERP,bid,150,6657.0
2024-08-11 20:06:27,SOLUSD_PERP,bid,150,6924.0
2024-08-11 20:06:27,SOLUSD_PERP,bid,150,7601.0
2024-08-11 20:06:27,SOLUSD_PERP,bid,150,6656.0
2024-08-11 20:06:28,SOLUSD_PERP,bid,150,21742.0
2024-08-11 20:06:28,SOLUSD_PERP,bid,150,6864.0
2024-08-11 20:06:28,SOLUSD_PERP,ask,151,8501.0
2024-08-11 20:06:28,SOLUSD_PERP,bid,150,7380.0
2024-08-11 20:06:30,SOLUSD_PERP,ask,151,8550.0
2024-08-11 20:06:31,SOLUSD_PERP,bid,150,6792.0
2024-08-11 20:06:32,SOLUSD_PERP,bid,150,9641.0
2024-08-11 20:06:32,SOLUSD_PERP,ask,151,6934.0
2024-08-11 20:06:34,SOLUSD_PERP,ask,151,7000.0
2024-08-11 20:06:36,SOLUSD_PERP,ask,151,9840.0
2024-08-11 20:06:36,SOLUSD_PERP,ask,151,8924.0
2024-08-11 20:06:37,SOLUSD_PERP,bid,149,7192.0
2024-08-11 20:06:39,SOLUSD_PERP,ask,151,7026.0
2024-08-11 20:06:39,SOLUSD_PERP,ask,151,7904.0
2024-08-11 20:06:39,SOLUSD_PERP,ask,151,7904.0
2024-08-11 20:06:40,SOLUSD_PERP,ask,151,7852.0
2024-08-11 20:06:41,SOLUSD_PERP,ask,151,7184.0
2024-08-11 20:06:41,SOLUSD_PERP,bid,150,8273.0
2024-08-11 20:06:43,SOLUSD_PERP,ask,150,6947.0
2024-08-11 20:06:43,SOLUSD_PERP,ask,150,8961.0
2024-08-11 20:06:43,SOLUSD_PERP,ask,151,8405.0
2024-08-11 20:06:43,SOLUSD_PERP,bid,150,7000.0
2024-08-11 20:06:43,SOLUSD_PERP,ask,151,10829.0
2024-08-11 20:06:43,SOLUSD_PERP,bid,150,7329.0
2024-08-11 20:06:43,SOLUSD_PERP,ask,151,10500.0
2024-08-11 20:06:44,SOLUSD_PERP,ask,151,7000.0
2024-08-11 20:06:45,SOLUSD_PERP,bid,150,8285.0
2024-08-11 20:06:45,SOLUSD_PERP,ask,150,10500.0
2024-08-11 20:06:46,SOLUSD_PERP,bid,150,12501.0
2024-08-11 20:06:46,SOLUSD_PERP,bid,150,8614.0
2024-08-11 20:06:46,SOLUSD_PERP,bid,149,35000.0
2024-08-11 20:06:46,SOLUSD_PERP,bid,150,10831.0
2024-08-11 20:06:47,SOLUSD_PERP,bid,150,8091.0
2024-08-11 20:06:48,SOLUSD_PERP,bid,150,11162.0
2024-08-11 20:06:48,SOLUSD_PERP,bid,150,8285.0
2024-08-11 20:06:49,SOLUSD_PERP,ask,150,10831.0
2024-08-11 20:06:49,SOLUSD_PERP,bid,150,10500.0
2024-08-11 20:06:51,SOLUSD_PERP,ask,150,7617.0
2024-08-11 20:06:51,SOLUSD_PERP,bid,150,7676.0
2024-08-11 20:06:53,SOLUSD_PERP,bid,150,10829.0
2024-08-11 20:06:56,SOLUSD_PERP,ask,150,6758.0
2024-08-11 20:07:01,SOLUSD_PERP,ask,150,10500.0
2024-08-11 20:07:02,SOLUSD_PERP,ask,150,6713.0
2024-08-11 20:07:02,SOLUSD_PERP,ask,151,10829.0
2024-08-11 20:07:02,SOLUSD_PERP,ask,150,6864.0
2024-08-11 20:07:03,SOLUSD_PERP,bid,150,10500.0
2024-08-11 20:07:03,SOLUSD_PERP,ask,151,10831.0
2024-08-11 20:07:03,SOLUSD_PERP,bid,150,10500.0
2024-08-11 20:07:04,SOLUSD_PERP,ask,151,6977.0
2024-08-11 20:07:05,SOLUSD_PERP,bid,149,29948.0
2024-08-11 20:07:05,SOLUSD_PERP,ask,151,8735.0
2024-08-11 20:07:05,SOLUSD_PERP,ask,151,10831.0
2024-08-11 20:07:05,SOLUSD_PERP,bid,150,6876.0
2024-08-11 20:07:06,SOLUSD_PERP,bid,149,29911.0
2024-08-11 20:07:08,SOLUSD_PERP,bid,150,10831.0
2024-08-11 20:07:08,SOLUSD_PERP,ask,151,12373.0
2024-08-11 20:07:08,SOLUSD_PERP,ask,151,12808.0
2024-08-11 20:07:09,SOLUSD_PERP,ask,150,7810.0
2024-08-11 20:07:10,SOLUSD_PERP,ask,151,10500.0
2024-08-11 20:07:12,SOLUSD_PERP,ask,150,6902.0
2024-08-11 20:07:14,SOLUSD_PERP,bid,150,10278.0
2024-08-11 20:07:15,SOLUSD_PERP,ask,150,9339.0
2024-08-11 20:07:16,SOLUSD_PERP,bid,150,10500.0
2024-08-11 20:07:16,SOLUSD_PERP,ask,150,9341.0
2024-08-11 20:07:16,SOLUSD_PERP,ask,151,7001.0
2024-08-11 20:07:16,SOLUSD_PERP,bid,150,10500.0
2024-08-11 20:07:16,SOLUSD_PERP,ask,150,7761.0
2024-08-11 20:07:16,SOLUSD_PERP,ask,150,8401.0
2024-08-11 20:07:18,SOLUSD_PERP,bid,150,6640.0
2024-08-11 20:07:18,SOLUSD_PERP,bid,150,6835.0
2024-08-11 20:07:19,SOLUSD_PERP,bid,130,101087.0
2024-08-11 20:07:20,SOLUSD_PERP,ask,150,10124.0
2024-08-11 20:07:20,SOLUSD_PERP,ask,150,10066.0
2024-08-11 20:07:20,SOLUSD_PERP,ask,150,6983.0
2024-08-11 20:07:20,SOLUSD_PERP,ask,150,6971.0
2024-08-11 20:07:20,SOLUSD_PERP,bid,150,6732.0
2024-08-11 20:07:20,SOLUSD_PERP,ask,150,6971.0
2024-08-11 20:07:20,SOLUSD_PERP,bid,150,8616.0
2024-08-11 20:07:20,SOLUSD_PERP,ask,150,7100.0
2024-08-11 20:07:21,SOLUSD_PERP,bid,150,7000.0
2024-08-11 20:07:21,SOLUSD_PERP,bid,150,8439.0
2024-08-11 20:07:21,SOLUSD_PERP,ask,150,7884.0
2024-08-11 20:07:21,SOLUSD_PERP,ask,150,8033.0
2024-08-11 20:07:21,SOLUSD_PERP,ask,150,7102.0
2024-08-11 20:07:22,SOLUSD_PERP,bid,150,8590.0
2024-08-11 20:07:22,SOLUSD_PERP,bid,150,7000.0
2024-08-11 20:07:23,SOLUSD_PERP,bid,150,8285.0
2024-08-11 20:07:23,SOLUSD_PERP,bid,150,8512.0
2024-08-11 20:07:23,SOLUSD_PERP,bid,150,8303.0
2024-08-11 20:07:23,SOLUSD_PERP,ask,150,6922.0
2024-08-11 20:07:23,SOLUSD_PERP,ask,150,8556.0
2024-08-11 20:07:23,SOLUSD_PERP,ask,150,10549.0
2024-08-11 20:07:23,SOLUSD_PERP,ask,150,6921.0
2024-08-11 20:07:23,SOLUSD_PERP,ask,150,6921.0
2024-08-11 20:07:24,SOLUSD_PERP,ask,151,6921.0
2024-08-11 20:07:24,SOLUSD_PERP,ask,150,9920.0
2024-08-11 20:07:24,SOLUSD_PERP,bid,150,6862.0
2024-08-11 20:07:24,SOLUSD_PERP,ask,151,7054.0
2024-08-11 20:07:25,SOLUSD_PERP,ask,150,7266.0
2024-08-11 20:07:25,SOLUSD_PERP,ask,150,9905.0
2024-08-11 20:07:26,SOLUSD_PERP,ask,150,9901.0
2024-08-11 20:07:26,SOLUSD_PERP,ask,150,6844.0
2024-08-11 20:07:26,SOLUSD_PERP,ask,150,9295.0
2024-08-11 20:07:26,SOLUSD_PERP,ask,150,6844.0
2024-08-11 20:07:27,SOLUSD_PERP,ask,151,7231.0
2024-08-11 20:07:28,SOLUSD_PERP,ask,150,8588.0
2024-08-11 20:07:29,SOLUSD_PERP,bid,149,29948.0
2024-08-11 20:07:30,SOLUSD_PERP,bid,149,29911.0
2024-08-11 20:07:30,SOLUSD_PERP,ask,151,6900.0
2024-08-11 20:07:33,SOLUSD_PERP,ask,150,7401.0
2024-08-11 20:07:33,SOLUSD_PERP,bid,150,10831.0
2024-08-11 20:07:33,SOLUSD_PERP,ask,151,34018.0
2024-08-11 20:07:36,SOLUSD_PERP,ask,150,7469.0
2024-08-11 20:07:37,SOLUSD_PERP,ask,150,8412.0
2024-08-11 20:07:38,SOLUSD_PERP,ask,150,8595.0
2024-08-11 20:07:39,SOLUSD_PERP,ask,150,7766.0
2024-08-11 20:07:41,SOLUSD_PERP,bid,150,8285.0
2024-08-11 20:07:41,SOLUSD_PERP,bid,150,10500.0
2024-08-11 20:07:43,SOLUSD_PERP,ask,150,7915.0
2024-08-11 20:07:44,SOLUSD_PERP,ask,151,12907.0
2024-08-11 20:07:44,SOLUSD_PERP,bid,149,29810.0
2024-08-11 20:07:44,SOLUSD_PERP,bid,150,10500.0
2024-08-11 20:07:44,SOLUSD_PERP,ask,150,6847.0
2024-08-11 20:07:54,SOLUSD_PERP,ask,150,11076.0
2024-08-11 20:07:54,SOLUSD_PERP,ask,150,6760.0
2024-08-11 20:07:54,SOLUSD_PERP,bid,148,32411.0
2024-08-11 20:07:54,SOLUSD_PERP,bid,150,21809.0
2024-08-11 20:07:58,SOLUSD_PERP,ask,150,8722.0
2024-08-11 20:07:59,SOLUSD_PERP,ask,150,7777.0
2024-08-11 20:08:02,SOLUSD_PERP,ask,151,35000.0
2024-08-11 20:08:02,SOLUSD_PERP,ask,150,6640.0
2024-08-11 20:08:05,SOLUSD_PERP,bid,149,29948.0
2024-08-11 20:08:06,SOLUSD_PERP,bid,149,29911.0
2024-08-11 20:08:07,SOLUSD_PERP,ask,150,6651.0
2024-08-11 20:08:07,SOLUSD_PERP,ask,150,6651.0
2024-08-11 20:08:08,SOLUSD_PERP,bid,149,7000.0
2024-08-11 20:08:08,SOLUSD_PERP,bid,150,7021.0
2024-08-11 20:08:10,SOLUSD_PERP,bid,150,7088.0
2024-08-11 20:08:13,SOLUSD_PERP,bid,150,21796.0
2024-08-11 20:08:15,SOLUSD_PERP,ask,151,7000.0
2024-08-11 20:08:15,SOLUSD_PERP,bid,150,7343.0
2024-08-11 20:08:15,SOLUSD_PERP,ask,150,10024.0
2024-08-11 20:08:16,SOLUSD_PERP,bid,150,7339.0
2024-08-11 20:08:16,SOLUSD_PERP,ask,150,9174.0
2024-08-11 20:08:16,SOLUSD_PERP,ask,150,9984.0
2024-08-11 20:08:17,SOLUSD_PERP,ask,150,9984.0
2024-08-11 20:08:17,SOLUSD_PERP,bid,150,7117.0
2024-08-11 20:08:17,SOLUSD_PERP,bid,150,6647.0
2024-08-11 20:08:17,SOLUSD_PERP,ask,151,42603.0
2024-08-11 20:08:17,SOLUSD_PERP,ask,150,9039.0
2024-08-11 20:08:19,SOLUSD_PERP,ask,150,8858.0
2024-08-11 20:08:19,SOLUSD_PERP,bid,150,8616.0
2024-08-11 20:08:20,SOLUSD_PERP,ask,150,7237.0
2024-08-11 20:08:24,SOLUSD_PERP,ask,150,8586.0
2024-08-11 20:08:25,SOLUSD_PERP,ask,150,6937.0
2024-08-11 20:08:25,SOLUSD_PERP,ask,150,6937.0
2024-08-11 20:08:25,SOLUSD_PERP,ask,150,6785.0
2024-08-11 20:08:26,SOLUSD_PERP,bid,149,40579.0
2024-08-11 20:08:26,SOLUSD_PERP,bid,150,8285.0
2024-08-11 20:08:26,SOLUSD_PERP,bid,150,8273.0
2024-08-11 20:08:26,SOLUSD_PERP,ask,150,6907.0
2024-08-11 20:08:28,SOLUSD_PERP,bid,150,7453.0
2024-08-11 20:08:28,SOLUSD_PERP,bid,150,7350.0
2024-08-11 20:08:28,SOLUSD_PERP,bid,150,7340.0
2024-08-11 20:08:29,SOLUSD_PERP,bid,150,21781.0
2024-08-11 20:08:29,SOLUSD_PERP,ask,151,8405.0
2024-08-11 20:08:30,SOLUSD_PERP,ask,151,19250.0
2024-08-11 20:08:35,SOLUSD_PERP,bid,149,29948.0
2024-08-11 20:08:35,SOLUSD_PERP,ask,150,9015.0
2024-08-11 20:08:35,SOLUSD_PERP,ask,150,9138.0
2024-08-11 20:08:36,SOLUSD_PERP,bid,150,7097.0
2024-08-11 20:08:36,SOLUSD_PERP,bid,149,29948.0
2024-08-11 20:08:36,SOLUSD_PERP,ask,150,9083.0
2024-08-11 20:08:37,SOLUSD_PERP,ask,150,7688.0
2024-08-11 20:08:38,SOLUSD_PERP,bid,149,29911.0
2024-08-11 20:08:38,SOLUSD_PERP,ask,150,8712.0
2024-08-11 20:08:38,SOLUSD_PERP,ask,150,6869.0
2024-08-11 20:08:39,SOLUSD_PERP,ask,150,8719.0
2024-08-11 20:08:39,SOLUSD_PERP,ask,150,6652.0
2024-08-11 20:08:39,SOLUSD_PERP,ask,150,7919.0
2024-08-11 20:08:40,SOLUSD_PERP,ask,150,8358.0
2024-08-11 20:08:41,SOLUSD_PERP,ask,150,7445.0
2024-08-11 20:08:41,SOLUSD_PERP,bid,150,7233.0
2024-08-11 20:08:41,SOLUSD_PERP,ask,150,10624.0
2024-08-11 20:08:41,SOLUSD_PERP,ask,150,6724.0
2024-08-11 20:08:41,SOLUSD_PERP,ask,150,7127.0
2024-08-11 20:08:41,SOLUSD_PERP,ask,150,8299.0
2024-08-11 20:08:41,SOLUSD_PERP,ask,150,7056.0
2024-08-11 20:08:41,SOLUSD_PERP,ask,150,8135.0
2024-08-11 20:08:42,SOLUSD_PERP,ask,150,6784.0
2024-08-11 20:08:42,SOLUSD_PERP,bid,150,8803.0
2024-08-11 20:08:42,SOLUSD_PERP,bid,150,19250.0
2024-08-11 20:08:42,SOLUSD_PERP,bid,148,7346.0
2024-08-11 20:08:42,SOLUSD_PERP,ask,150,6925.0
2024-08-11 20:08:42,SOLUSD_PERP,ask,150,8005.0
2024-08-11 20:08:42,SOLUSD_PERP,ask,150,10501.0
2024-08-11 20:08:42,SOLUSD_PERP,ask,150,6997.0
2024-08-11 20:08:43,SOLUSD_PERP,ask,150,10558.0
2024-08-11 20:08:43,SOLUSD_PERP,ask,150,6952.0
2024-08-11 20:08:43,SOLUSD_PERP,ask,150,6876.0
2024-08-11 20:08:44,SOLUSD_PERP,ask,150,7055.0
2024-08-11 20:08:44,SOLUSD_PERP,ask,150,6756.0
2024-08-11 20:08:45,SOLUSD_PERP,ask,150,6755.0
2024-08-11 20:08:45,SOLUSD_PERP,bid,149,12641.0
2024-08-11 20:08:46,SOLUSD_PERP,ask,150,6921.0
2024-08-11 20:08:46,SOLUSD_PERP,ask,151,7000.0
2024-08-11 20:08:46,SOLUSD_PERP,bid,150,7146.0
2024-08-11 20:08:46,SOLUSD_PERP,ask,150,6667.0
2024-08-11 20:08:47,SOLUSD_PERP,ask,150,7872.0
2024-08-11 20:08:47,SOLUSD_PERP,ask,150,6763.0
2024-08-11 20:08:47,SOLUSD_PERP,bid,150,7353.0
2024-08-11 20:08:49,SOLUSD_PERP,bid,150,7458.0
2024-08-11 20:08:50,SOLUSD_PERP,ask,150,6697.0
2024-08-11 20:08:50,SOLUSD_PERP,ask,151,35001.0
2024-08-11 20:08:50,SOLUSD_PERP,ask,150,6732.0
2024-08-11 20:08:52,SOLUSD_PERP,bid,150,7000.0
2024-08-11 20:08:53,SOLUSD_PERP,ask,150,7536.0
2024-08-11 20:08:54,SOLUSD_PERP,bid,150,6967.0
2024-08-11 20:08:55,SOLUSD_PERP,bid,150,7131.0
2024-08-11 20:08:56,SOLUSD_PERP,ask,150,7367.0
2024-08-11 20:08:57,SOLUSD_PERP,ask,150,7208.0
2024-08-11 20:08:58,SOLUSD_PERP,ask,150,7208.0
2024-08-11 20:08:59,SOLUSD_PERP,ask,150,6848.0
2024-08-11 20:08:59,SOLUSD_PERP,ask,150,6848.0
2024-08-11 20:09:00,SOLUSD_PERP,ask,150,6670.0
2024-08-11 20:09:01,SOLUSD_PERP,ask,150,6670.0
2024-08-11 20:09:01,SOLUSD_PERP,ask,150,6635.0
2024-08-11 20:09:02,SOLUSD_PERP,bid,150,9357.0
2024-08-11 20:09:03,SOLUSD_PERP,bid,150,9312.0
2024-08-11 20:09:04,SOLUSD_PERP,bid,150,6789.0
2024-08-11 20:09:04,SOLUSD_PERP,bid,150,6789.0
2024-08-11 20:09:05,SOLUSD_PERP,ask,151,6829.0
2024-08-11 20:09:06,SOLUSD_PERP,bid,150,7961.0
2024-08-11 20:09:13,SOLUSD_PERP,bid,150,10816.0
2024-08-11 20:09:13,SOLUSD_PERP,bid,149,35000.0
2024-08-11 20:09:14,SOLUSD_PERP,ask,150,10500.0
2024-08-11 20:09:14,SOLUSD_PERP,bid,150,8360.0
2024-08-11 20:09:15,SOLUSD_PERP,bid,150,10816.0
2024-08-11 20:09:15,SOLUSD_PERP,bid,150,10501.0
2024-08-11 20:09:16,SOLUSD_PERP,bid,149,34124.0
2024-08-11 20:09:16,SOLUSD_PERP,bid,150,12500.0
2024-08-11 20:09:16,SOLUSD_PERP,bid,150,7000.0
2024-08-11 20:09:16,SOLUSD_PERP,ask,152,18000.0
2024-08-11 20:09:17,SOLUSD_PERP,bid,150,8726.0
2024-08-11 20:09:17,SOLUSD_PERP,bid,150,8705.0
2024-08-11 20:09:17,SOLUSD_PERP,ask,150,7867.0
2024-08-11 20:09:18,SOLUSD_PERP,ask,151,43203.0
2024-08-11 20:09:19,SOLUSD_PERP,bid,150,8273.0
2024-08-11 20:09:19,SOLUSD_PERP,ask,150,8193.0
2024-08-11 20:09:21,SOLUSD_PERP,bid,150,7873.0
2024-08-11 20:09:21,SOLUSD_PERP,ask,150,8990.0
2024-08-11 20:09:22,SOLUSD_PERP,bid,148,33421.0
2024-08-11 20:09:22,SOLUSD_PERP,bid,150,6775.0
2024-08-11 20:09:22,SOLUSD_PERP,ask,153,7574.0
2024-08-11 20:09:22,SOLUSD_PERP,bid,150,7000.0
2024-08-11 20:09:22,SOLUSD_PERP,ask,151,7000.0
2024-08-11 20:09:23,SOLUSD_PERP,ask,151,42603.0
2024-08-11 20:09:23,SOLUSD_PERP,bid,148,29892.0
2024-08-11 20:09:23,SOLUSD_PERP,bid,149,19252.0
2024-08-11 20:09:23,SOLUSD_PERP,bid,150,11152.0
2024-08-11 20:09:23,SOLUSD_PERP,bid,146,8194.0
2024-08-11 20:09:23,SOLUSD_PERP,bid,147,14794.0
2024-08-11 20:09:23,SOLUSD_PERP,bid,148,29883.0
2024-08-11 20:09:23,SOLUSD_PERP,bid,149,35000.0
2024-08-11 20:09:23,SOLUSD_PERP,bid,149,19250.0
2024-08-11 20:09:23,SOLUSD_PERP,bid,149,12641.0
2024-08-11 20:09:23,SOLUSD_PERP,bid,149,10500.0
2024-08-11 20:09:23,SOLUSD_PERP,bid,149,12826.0
2024-08-11 20:09:23,SOLUSD_PERP,bid,150,24360.0
2024-08-11 20:09:23,SOLUSD_PERP,bid,150,8273.0
2024-08-11 20:09:23,SOLUSD_PERP,bid,144,8154.0
2024-08-11 20:09:23,SOLUSD_PERP,bid,145,11426.0
2024-08-11 20:09:23,SOLUSD_PERP,bid,149,40579.0
2024-08-11 20:09:23,SOLUSD_PERP,bid,149,12641.0
2024-08-11 20:09:23,SOLUSD_PERP,bid,149,12500.0
2024-08-11 20:09:23,SOLUSD_PERP,bid,149,19250.0
2024-08-11 20:09:23,SOLUSD_PERP,bid,149,34124.0
2024-08-11 20:09:23,SOLUSD_PERP,bid,149,8273.0
2024-08-11 20:09:24,SOLUSD_PERP,bid,147,8204.0
2024-08-11 20:09:24,SOLUSD_PERP,bid,148,7330.0
2024-08-11 20:09:24,SOLUSD_PERP,bid,149,13238.0
2024-08-11 20:09:24,SOLUSD_PERP,bid,149,8454.0
2024-08-11 20:09:24,SOLUSD_PERP,bid,149,10500.0
2024-08-11 20:09:24,SOLUSD_PERP,ask,151,29852.0
2024-08-11 20:09:24,SOLUSD_PERP,bid,149,10064.0
2024-08-11 20:09:24,SOLUSD_PERP,bid,150,10500.0
2024-08-11 20:09:24,SOLUSD_PERP,bid,148,18000.0
2024-08-11 20:09:24,SOLUSD_PERP,bid,148,12594.0
2024-08-11 20:09:24,SOLUSD_PERP,bid,149,19250.0
2024-08-11 20:09:25,SOLUSD_PERP,bid,149,12656.0
2024-08-11 20:09:25,SOLUSD_PERP,bid,149,7949.0
2024-08-11 20:09:26,SOLUSD_PERP,bid,149,8690.0
2024-08-11 20:09:26,SOLUSD_PERP,ask,150,10729.0
2024-08-11 20:09:27,SOLUSD_PERP,bid,149,8274.0
2024-08-11 20:09:27,SOLUSD_PERP,bid,150,6969.0
2024-08-11 20:09:28,SOLUSD_PERP,bid,150,7295.0
2024-08-11 20:09:29,SOLUSD_PERP,bid,149,12641.0
2024-08-11 20:09:29,SOLUSD_PERP,bid,149,12500.0
2024-08-11 20:09:29,SOLUSD_PERP,bid,149,8273.0
2024-08-11 20:09:29,SOLUSD_PERP,bid,150,26072.0
2024-08-11 20:09:29,SOLUSD_PERP,ask,151,8405.0
2024-08-11 20:09:29,SOLUSD_PERP,bid,150,14222.0
2024-08-11 20:09:29,SOLUSD_PERP,bid,150,10500.0
2024-08-11 20:09:29,SOLUSD_PERP,ask,150,10729.0
2024-08-11 20:09:31,SOLUSD_PERP,ask,151,37987.0
2024-08-11 20:09:32,SOLUSD_PERP,bid,150,7295.0
2024-08-11 20:09:32,SOLUSD_PERP,bid,150,13683.0
2024-08-11 20:09:32,SOLUSD_PERP,bid,150,10713.0
2024-08-11 20:09:32,SOLUSD_PERP,bid,150,7295.0
2024-08-11 20:09:33,SOLUSD_PERP,ask,151,12342.0
2024-08-11 20:09:37,SOLUSD_PERP,bid,150,6965.0
2024-08-11 20:09:38,SOLUSD_PERP,ask,150,10830.0
2024-08-11 20:09:38,SOLUSD_PERP,bid,150,21781.0
2024-08-11 20:09:38,SOLUSD_PERP,bid,148,32711.0
2024-08-11 20:09:39,SOLUSD_PERP,bid,150,14009.0
2024-08-11 20:09:41,SOLUSD_PERP,bid,150,22107.0
2024-08-11 20:09:41,SOLUSD_PERP,ask,150,10500.0
2024-08-11 20:09:44,SOLUSD_PERP,bid,149,7000.0
2024-08-11 20:09:44,SOLUSD_PERP,ask,150,7000.0
2024-08-11 20:09:47,SOLUSD_PERP,ask,172,7240.0
2024-08-11 20:09:48,SOLUSD_PERP,ask,150,7001.0
2024-08-11 20:09:50,SOLUSD_PERP,bid,150,21781.0
2024-08-11 20:09:51,SOLUSD_PERP,ask,150,8349.0
2024-08-11 20:09:52,SOLUSD_PERP,ask,150,6858.0
2024-08-11 20:09:52,SOLUSD_PERP,bid,150,7867.0
2024-08-11 20:09:53,SOLUSD_PERP,ask,150,8569.0
2024-08-11 20:09:53,SOLUSD_PERP,ask,150,7071.0
2024-08-11 20:09:55,SOLUSD_PERP,ask,150,6782.0
2024-08-11 20:09:56,SOLUSD_PERP,bid,150,6817.0
2024-08-11 20:09:56,SOLUSD_PERP,ask,150,8822.0
2024-08-11 20:09:57,SOLUSD_PERP,bid,138,156976.0
2024-08-11 20:09:57,SOLUSD_PERP,ask,150,6772.0
2024-08-11 20:09:59,SOLUSD_PERP,bid,150,7409.0
2024-08-11 20:10:00,SOLUSD_PERP,ask,150,7434.0
2024-08-11 20:10:03,SOLUSD_PERP,ask,150,9528.0
2024-08-11 20:10:03,SOLUSD_PERP,ask,150,9312.0
2024-08-11 20:10:05,SOLUSD_PERP,ask,150,6828.0
2024-08-11 20:10:06,SOLUSD_PERP,ask,150,6819.0
2024-08-11 20:10:06,SOLUSD_PERP,ask,150,6935.0
2024-08-11 20:10:07,SOLUSD_PERP,bid,150,21783.0
2024-08-11 20:10:07,SOLUSD_PERP,bid,135,161561.0
2024-08-11 20:10:07,SOLUSD_PERP,ask,151,8424.0
2024-08-11 20:10:09,SOLUSD_PERP,ask,150,6778.0
2024-08-11 20:10:09,SOLUSD_PERP,bid,150,7602.0
2024-08-11 20:10:10,SOLUSD_PERP,ask,150,9737.0
2024-08-11 20:10:10,SOLUSD_PERP,bid,147,169983.0
2024-08-11 20:10:11,SOLUSD_PERP,ask,150,6882.0
2024-08-11 20:10:11,SOLUSD_PERP,ask,150,7000.0
2024-08-11 20:10:12,SOLUSD_PERP,bid,150,13683.0
2024-08-11 20:10:12,SOLUSD_PERP,bid,150,8273.0
2024-08-11 20:10:12,SOLUSD_PERP,ask,150,7105.0
2024-08-11 20:10:13,SOLUSD_PERP,ask,150,10637.0
2024-08-11 20:10:13,SOLUSD_PERP,ask,150,7666.0
2024-08-11 20:10:13,SOLUSD_PERP,bid,150,12500.0
2024-08-11 20:10:13,SOLUSD_PERP,ask,151,35001.0
2024-08-11 20:10:14,SOLUSD_PERP,ask,150,6647.0
2024-08-11 20:10:14,SOLUSD_PERP,ask,151,7000.0
2024-08-11 20:10:14,SOLUSD_PERP,ask,150,10500.0
2024-08-11 20:10:14,SOLUSD_PERP,ask,150,9396.0
2024-08-11 20:10:14,SOLUSD_PERP,bid,145,181751.0
2024-08-11 20:10:15,SOLUSD_PERP,ask,150,6957.0
2024-08-11 20:10:16,SOLUSD_PERP,ask,150,7288.0
2024-08-11 20:10:16,SOLUSD_PERP,ask,151,7075.0
2024-08-11 20:10:18,SOLUSD_PERP,ask,150,7791.0
2024-08-11 20:10:19,SOLUSD_PERP,ask,150,7010.0
2024-08-11 20:10:20,SOLUSD_PERP,ask,150,6969.0
2024-08-11 20:10:20,SOLUSD_PERP,ask,150,6703.0
2024-08-11 20:10:20,SOLUSD_PERP,ask,150,6947.0
2024-08-11 20:10:21,SOLUSD_PERP,ask,150,7395.0
2024-08-11 20:10:21,SOLUSD_PERP,ask,150,9038.0
2024-08-11 20:10:22,SOLUSD_PERP,ask,153,17126.0
2024-08-11 20:10:25,SOLUSD_PERP,ask,150,7556.0
2024-08-11 20:10:25,SOLUSD_PERP,ask,150,7355.0
2024-08-11 20:10:26,SOLUSD_PERP,bid,150,12826.0
2024-08-11 20:10:26,SOLUSD_PERP,bid,149,12500.0
2024-08-11 20:10:26,SOLUSD_PERP,ask,150,6740.0
2024-08-11 20:10:27,SOLUSD_PERP,bid,149,7242.0
2024-08-11 20:10:28,SOLUSD_PERP,ask,150,9046.0
2024-08-11 20:10:29,SOLUSD_PERP,ask,150,7050.0
2024-08-11 20:10:29,SOLUSD_PERP,bid,149,8614.0
2024-08-11 20:10:30,SOLUSD_PERP,bid,148,32712.0
2024-08-11 20:10:30,SOLUSD_PERP,ask,150,11076.0
2024-08-11 20:10:32,SOLUSD_PERP,bid,150,12964.0
2024-08-11 20:10:33,SOLUSD_PERP,ask,150,10500.0
2024-08-11 20:10:35,SOLUSD_PERP,bid,148,29814.0
2024-08-11 20:10:35,SOLUSD_PERP,bid,149,19266.0
2024-08-11 20:10:35,SOLUSD_PERP,bid,149,10500.0
2024-08-11 20:10:35,SOLUSD_PERP,bid,149,8288.0
2024-08-11 20:10:35,SOLUSD_PERP,bid,148,33715.0
2024-08-11 20:10:35,SOLUSD_PERP,ask,151,12342.0
2024-08-11 20:10:35,SOLUSD_PERP,ask,150,19250.0
2024-08-11 20:10:35,SOLUSD_PERP,bid,146,9630.0
2024-08-11 20:10:36,SOLUSD_PERP,ask,150,7050.0
2024-08-11 20:10:36,SOLUSD_PERP,ask,150,7066.0
2024-08-11 20:10:38,SOLUSD_PERP,bid,149,8273.0
2024-08-11 20:10:38,SOLUSD_PERP,bid,149,21584.0
2024-08-11 20:10:38,SOLUSD_PERP,bid,149,7000.0
2024-08-11 20:10:38,SOLUSD_PERP,ask,150,7003.0
2024-08-11 20:10:39,SOLUSD_PERP,bid,149,19266.0
2024-08-11 20:10:39,SOLUSD_PERP,ask,150,7008.0
2024-08-11 20:10:39,SOLUSD_PERP,bid,149,7000.0
2024-08-11 20:10:40,SOLUSD_PERP,ask,150,6845.0
2024-08-11 20:10:40,SOLUSD_PERP,ask,150,6845.0
2024-08-11 20:10:41,SOLUSD_PERP,ask,150,6845.0
2024-08-11 20:10:41,SOLUSD_PERP,ask,150,7131.0
2024-08-11 20:10:41,SOLUSD_PERP,ask,150,7303.0
2024-08-11 20:10:41,SOLUSD_PERP,ask,150,7017.0
2024-08-11 20:10:41,SOLUSD_PERP,ask,150,7303.0
2024-08-11 20:10:42,SOLUSD_PERP,ask,150,7017.0
2024-08-11 20:10:43,SOLUSD_PERP,bid,149,12500.0
2024-08-11 20:10:44,SOLUSD_PERP,ask,150,6886.0
2024-08-11 20:10:44,SOLUSD_PERP,bid,149,7000.0
2024-08-11 20:10:44,SOLUSD_PERP,ask,150,6886.0
2024-08-11 20:10:45,SOLUSD_PERP,bid,150,13294.0
2024-08-11 20:10:45,SOLUSD_PERP,bid,150,22113.0
2024-08-11 20:10:45,SOLUSD_PERP,bid,149,8599.0
2024-08-11 20:10:45,SOLUSD_PERP,bid,149,21594.0
2024-08-11 20:10:45,SOLUSD_PERP,bid,149,7000.0
2024-08-11 20:10:46,SOLUSD_PERP,ask,161,50154.0
2024-08-11 20:10:46,SOLUSD_PERP,bid,146,7260.0
2024-08-11 20:10:46,SOLUSD_PERP,bid,149,19266.0
2024-08-11 20:10:47,SOLUSD_PERP,ask,150,7000.0
2024-08-11 20:10:47,SOLUSD_PERP,bid,149,7000.0
2024-08-11 20:10:47,SOLUSD_PERP,ask,150,7967.0
2024-08-11 20:10:47,SOLUSD_PERP,ask,150,6761.0
2024-08-11 20:10:47,SOLUSD_PERP,ask,150,7000.0
2024-08-11 20:10:48,SOLUSD_PERP,ask,150,6897.0
2024-08-11 20:10:48,SOLUSD_PERP,bid,150,26677.0
2024-08-11 20:10:48,SOLUSD_PERP,bid,147,16325.0
2024-08-11 20:10:48,SOLUSD_PERP,bid,149,19250.0
2024-08-11 20:10:48,SOLUSD_PERP,bid,149,10500.0
2024-08-11 20:10:48,SOLUSD_PERP,bid,149,8273.0
2024-08-11 20:10:48,SOLUSD_PERP,bid,150,13133.0
2024-08-11 20:10:50,SOLUSD_PERP,bid,150,18157.0
2024-08-11 20:10:50,SOLUSD_PERP,ask,152,7559.0
2024-08-11 20:10:50,SOLUSD_PERP,bid,150,13133.0
2024-08-11 20:10:51,SOLUSD_PERP,bid,149,7483.0
2024-08-11 20:10:51,SOLUSD_PERP,bid,149,10570.0
2024-08-11 20:10:52,SOLUSD_PERP,bid,149,12641.0
2024-08-11 20:10:52,SOLUSD_PERP,bid,147,14785.0
2024-08-11 20:10:52,SOLUSD_PERP,bid,148,33421.0
2024-08-11 20:10:52,SOLUSD_PERP,bid,149,7665.0
2024-08-11 20:10:52,SOLUSD_PERP,bid,149,6831.0
2024-08-11 20:10:53,SOLUSD_PERP,bid,149,7158.0
2024-08-11 20:10:53,SOLUSD_PERP,bid,150,21833.0
2024-08-11 20:10:53,SOLUSD_PERP,bid,150,21783.0
2024-08-11 20:10:53,SOLUSD_PERP,bid,150,21792.0
2024-08-11 20:10:54,SOLUSD_PERP,bid,149,7159.0
2024-08-11 20:10:54,SOLUSD_PERP,bid,149,6825.0
2024-08-11 20:10:54,SOLUSD_PERP,bid,149,6827.0
2024-08-11 20:10:54,SOLUSD_PERP,bid,149,7019.0
2024-08-11 20:10:55,SOLUSD_PERP,bid,149,7019.0
2024-08-11 20:10:55,SOLUSD_PERP,bid,149,6703.0
2024-08-11 20:10:55,SOLUSD_PERP,bid,149,7236.0
2024-08-11 20:10:55,SOLUSD_PERP,bid,149,6808.0
2024-08-11 20:10:55,SOLUSD_PERP,bid,150,22519.0
2024-08-11 20:10:55,SOLUSD_PERP,bid,149,8355.0
2024-08-11 20:10:56,SOLUSD_PERP,ask,150,8636.0
2024-08-11 20:10:56,SOLUSD_PERP,bid,149,6895.0
2024-08-11 20:10:56,SOLUSD_PERP,bid,149,6893.0
2024-08-11 20:10:56,SOLUSD_PERP,bid,149,8599.0
2024-08-11 20:10:56,SOLUSD_PERP,bid,149,6893.0
2024-08-11 20:10:56,SOLUSD_PERP,bid,149,6898.0
2024-08-11 20:10:56,SOLUSD_PERP,bid,149,6893.0
2024-08-11 20:10:56,SOLUSD_PERP,bid,149,7550.0
2024-08-11 20:10:56,SOLUSD_PERP,bid,150,21783.0
2024-08-11 20:10:57,SOLUSD_PERP,bid,149,6892.0
2024-08-11 20:10:57,SOLUSD_PERP,bid,149,7130.0
2024-08-11 20:10:57,SOLUSD_PERP,bid,149,7229.0
2024-08-11 20:10:57,SOLUSD_PERP,bid,149,12500.0
2024-08-11 20:10:58,SOLUSD_PERP,bid,149,7374.0
2024-08-11 20:10:58,SOLUSD_PERP,bid,149,7760.0
2024-08-11 20:10:58,SOLUSD_PERP,bid,149,7504.0
2024-08-11 20:10:58,SOLUSD_PERP,bid,149,7607.0
2024-08-11 20:10:58,SOLUSD_PERP,bid,149,7604.0
2024-08-11 20:10:58,SOLUSD_PERP,ask,153,7601.0
2024-08-11 20:10:58,SOLUSD_PERP,bid,149,8136.0
2024-08-11 20:10:58,SOLUSD_PERP,bid,149,7604.0
2024-08-11 20:10:59,SOLUSD_PERP,bid,149,8555.0
2024-08-11 20:10:59,SOLUSD_PERP,bid,149,7576.0
2024-08-11 20:10:59,SOLUSD_PERP,bid,149,7475.0
2024-08-11 20:10:59,SOLUSD_PERP,ask,150,7504.0
2024-08-11 20:10:59,SOLUSD_PERP,bid,149,7573.0
2024-08-11 20:10:59,SOLUSD_PERP,bid,149,7474.0
2024-08-11 20:11:00,SOLUSD_PERP,bid,149,7999.0
2024-08-11 20:11:00,SOLUSD_PERP,bid,149,8329.0
2024-08-11 20:11:00,SOLUSD_PERP,bid,149,8099.0
2024-08-11 20:11:00,SOLUSD_PERP,bid,150,8234.0
2024-08-11 20:11:00,SOLUSD_PERP,bid,149,8102.0
2024-08-11 20:11:00,SOLUSD_PERP,bid,150,22232.0
2024-08-11 20:11:00,SOLUSD_PERP,bid,149,8019.0
2024-08-11 20:11:00,SOLUSD_PERP,bid,150,21783.0
2024-08-11 20:11:00,SOLUSD_PERP,bid,149,8329.0
2024-08-11 20:11:00,SOLUSD_PERP,bid,149,8099.0
2024-08-11 20:11:01,SOLUSD_PERP,bid,149,8102.0
2024-08-11 20:11:01,SOLUSD_PERP,bid,149,8053.0
2024-08-11 20:11:01,SOLUSD_PERP,bid,149,7953.0
2024-08-11 20:11:01,SOLUSD_PERP,bid,149,34124.0
2024-08-11 20:11:01,SOLUSD_PERP,bid,149,8273.0
2024-08-11 20:11:01,SOLUSD_PERP,bid,149,7950.0
2024-08-11 20:11:01,SOLUSD_PERP,bid,148,35000.0
2024-08-11 20:11:01,SOLUSD_PERP,bid,149,10500.0
2024-08-11 20:11:01,SOLUSD_PERP,bid,149,8273.0
2024-08-11 20:11:01,SOLUSD_PERP,bid,149,7950.0
2024-08-11 20:11:01,SOLUSD_PERP,bid,150,9075.0
2024-08-11 20:11:01,SOLUSD_PERP,ask,150,10838.0
2024-08-11 20:11:01,SOLUSD_PERP,ask,151,29800.0
2024-08-11 20:11:01,SOLUSD_PERP,bid,149,7950.0
2024-08-11 20:11:01,SOLUSD_PERP,bid,149,7950.0
2024-08-11 20:11:01,SOLUSD_PERP,bid,149,8969.0
2024-08-11 20:11:01,SOLUSD_PERP,bid,149,7951.0
2024-08-11 20:11:02,SOLUSD_PERP,bid,149,9810.0
2024-08-11 20:11:02,SOLUSD_PERP,ask,151,18000.0
2024-08-11 20:11:02,SOLUSD_PERP,bid,149,7792.0
2024-08-11 20:11:02,SOLUSD_PERP,ask,150,7374.0
2024-08-11 20:11:02,SOLUSD_PERP,bid,149,8121.0
2024-08-11 20:11:02,SOLUSD_PERP,bid,149,9651.0
2024-08-11 20:11:02,SOLUSD_PERP,bid,149,8004.0
2024-08-11 20:11:02,SOLUSD_PERP,bid,145,10000.0
2024-08-11 20:11:02,SOLUSD_PERP,bid,149,7791.0
2024-08-11 20:11:02,SOLUSD_PERP,bid,149,7791.0
2024-08-11 20:11:02,SOLUSD_PERP,bid,149,7792.0
2024-08-11 20:11:03,SOLUSD_PERP,bid,149,7792.0
2024-08-11 20:11:03,SOLUSD_PERP,bid,149,7752.0
2024-08-11 20:11:03,SOLUSD_PERP,bid,149,7751.0
2024-08-11 20:11:03,SOLUSD_PERP,bid,149,8089.0
2024-08-11 20:11:03,SOLUSD_PERP,bid,149,7752.0
2024-08-11 20:11:03,SOLUSD_PERP,bid,149,7374.0
2024-08-11 20:11:03,SOLUSD_PERP,bid,149,12501.0
2024-08-11 20:11:03,SOLUSD_PERP,bid,149,7752.0
2024-08-11 20:11:03,SOLUSD_PERP,bid,149,7751.0
2024-08-11 20:11:03,SOLUSD_PERP,ask,150,7520.0
2024-08-11 20:11:04,SOLUSD_PERP,bid,149,7752.0
2024-08-11 20:11:04,SOLUSD_PERP,bid,149,8081.0
2024-08-11 20:11:04,SOLUSD_PERP,bid,149,7811.0
2024-08-11 20:11:04,SOLUSD_PERP,bid,149,7812.0
2024-08-11 20:11:04,SOLUSD_PERP,bid,149,7812.0
2024-08-11 20:11:04,SOLUSD_PERP,bid,149,7813.0
2024-08-11 20:11:05,SOLUSD_PERP,bid,149,7812.0
2024-08-11 20:11:05,SOLUSD_PERP,bid,149,8141.0
2024-08-11 20:11:05,SOLUSD_PERP,bid,149,8599.0
2024-08-11 20:11:05,SOLUSD_PERP,bid,149,7718.0
2024-08-11 20:11:05,SOLUSD_PERP,bid,150,9085.0
2024-08-11 20:11:05,SOLUSD_PERP,bid,149,7718.0
2024-08-11 20:11:05,SOLUSD_PERP,bid,149,7718.0
2024-08-11 20:11:05,SOLUSD_PERP,bid,149,7718.0
2024-08-11 20:11:05,SOLUSD_PERP,bid,149,8048.0
2024-08-11 20:11:05,SOLUSD_PERP,bid,149,7719.0
2024-08-11 20:11:06,SOLUSD_PERP,bid,149,7718.0
2024-08-11 20:11:06,SOLUSD_PERP,bid,149,7725.0
2024-08-11 20:11:06,SOLUSD_PERP,bid,150,9075.0
2024-08-11 20:11:06,SOLUSD_PERP,bid,149,7615.0
2024-08-11 20:11:06,SOLUSD_PERP,bid,149,7615.0
2024-08-11 20:11:06,SOLUSD_PERP,bid,149,8235.0
2024-08-11 20:11:06,SOLUSD_PERP,bid,149,7945.0
2024-08-11 20:11:06,SOLUSD_PERP,bid,149,7615.0
2024-08-11 20:11:07,SOLUSD_PERP,bid,149,7615.0
2024-08-11 20:11:07,SOLUSD_PERP,bid,149,7615.0
2024-08-11 20:11:07,SOLUSD_PERP,bid,149,7490.0
2024-08-11 20:11:07,SOLUSD_PERP,bid,149,7490.0
2024-08-11 20:11:07,SOLUSD_PERP,bid,149,7825.0
2024-08-11 20:11:07,SOLUSD_PERP,bid,149,10566.0
2024-08-11 20:11:07,SOLUSD_PERP,bid,149,7525.0
2024-08-11 20:11:07,SOLUSD_PERP,ask,150,7411.0
2024-08-11 20:11:07,SOLUSD_PERP,bid,149,7827.0
2024-08-11 20:11:07,SOLUSD_PERP,bid,149,7819.0
2024-08-11 20:11:08,SOLUSD_PERP,bid,149,7824.0
2024-08-11 20:11:08,SOLUSD_PERP,bid,149,7819.0
2024-08-11 20:11:08,SOLUSD_PERP,bid,149,7611.0
2024-08-11 20:11:08,SOLUSD_PERP,bid,149,7617.0
2024-08-11 20:11:08,SOLUSD_PERP,bid,149,7612.0
2024-08-11 20:11:08,SOLUSD_PERP,bid,149,7284.0
2024-08-11 20:11:08,SOLUSD_PERP,bid,149,7281.0
2024-08-11 20:11:08,SOLUSD_PERP,ask,150,7206.0
2024-08-11 20:11:09,SOLUSD_PERP,bid,149,7612.0
2024-08-11 20:11:09,SOLUSD_PERP,bid,149,7612.0
2024-08-11 20:11:09,SOLUSD_PERP,bid,149,7184.0
2024-08-11 20:11:09,SOLUSD_PERP,bid,149,7184.0
2024-08-11 20:11:09,SOLUSD_PERP,bid,149,7184.0
2024-08-11 20:11:09,SOLUSD_PERP,bid,149,7522.0
2024-08-11 20:11:09,SOLUSD_PERP,bid,149,8236.0
2024-08-11 20:11:09,SOLUSD_PERP,ask,150,11164.0
2024-08-11 20:11:09,SOLUSD_PERP,bid,149,8273.0
2024-08-11 20:11:09,SOLUSD_PERP,bid,149,7395.0
2024-08-11 20:11:09,SOLUSD_PERP,bid,149,7523.0
2024-08-11 20:11:10,SOLUSD_PERP,bid,149,7515.0
2024-08-11 20:11:10,SOLUSD_PERP,bid,149,7206.0
2024-08-11 20:11:10,SOLUSD_PERP,bid,149,6876.0
2024-08-11 20:11:10,SOLUSD_PERP,ask,150,7206.0
2024-08-11 20:11:10,SOLUSD_PERP,bid,149,7206.0
2024-08-11 20:11:10,SOLUSD_PERP,bid,149,7214.0
2024-08-11 20:11:10,SOLUSD_PERP,bid,149,7213.0
2024-08-11 20:11:10,SOLUSD_PERP,bid,149,7206.0
2024-08-11 20:11:10,SOLUSD_PERP,bid,149,6876.0
2024-08-11 20:11:11,SOLUSD_PERP,bid,149,6877.0
2024-08-11 20:11:11,SOLUSD_PERP,bid,149,6727.0
2024-08-11 20:11:11,SOLUSD_PERP,bid,149,6727.0
2024-08-11 20:11:11,SOLUSD_PERP,bid,149,7057.0
2024-08-11 20:11:11,SOLUSD_PERP,bid,149,7057.0
2024-08-11 20:11:11,SOLUSD_PERP,bid,149,6838.0
2024-08-11 20:11:11,SOLUSD_PERP,bid,149,6728.0
2024-08-11 20:11:12,SOLUSD_PERP,bid,149,7058.0
2024-08-11 20:11:12,SOLUSD_PERP,bid,149,6920.0
2024-08-11 20:11:12,SOLUSD_PERP,bid,149,6809.0
2024-08-11 20:11:12,SOLUSD_PERP,bid,149,7828.0
2024-08-11 20:11:12,SOLUSD_PERP,bid,149,6920.0
2024-08-11 20:11:12,SOLUSD_PERP,bid,149,7139.0
2024-08-11 20:11:12,SOLUSD_PERP,bid,149,6809.0
2024-08-11 20:11:12,SOLUSD_PERP,bid,149,7139.0
2024-08-11 20:11:12,SOLUSD_PERP,bid,149,6920.0
2024-08-11 20:11:13,SOLUSD_PERP,bid,149,7139.0
2024-08-11 20:11:13,SOLUSD_PERP,bid,149,6712.0
2024-08-11 20:11:13,SOLUSD_PERP,bid,149,6931.0
2024-08-11 20:11:13,SOLUSD_PERP,bid,149,6931.0
2024-08-11 20:11:13,SOLUSD_PERP,bid,149,6931.0
2024-08-11 20:11:13,SOLUSD_PERP,bid,150,9177.0
2024-08-11 20:11:14,SOLUSD_PERP,bid,150,9075.0
2024-08-11 20:11:14,SOLUSD_PERP,bid,149,8599.0
2024-08-11 20:11:14,SOLUSD_PERP,bid,149,10576.0
2024-08-11 20:11:14,SOLUSD_PERP,bid,149,7473.0
2024-08-11 20:11:14,SOLUSD_PERP,ask,150,6837.0
2024-08-11 20:11:14,SOLUSD_PERP,bid,149,7000.0
2024-08-11 20:11:17,SOLUSD_PERP,ask,150,7455.0
2024-08-11 20:11:19,SOLUSD_PERP,bid,148,33212.0
2024-08-11 20:11:20,SOLUSD_PERP,ask,150,7975.0
2024-08-11 20:11:21,SOLUSD_PERP,ask,150,6754.0
2024-08-11 20:11:22,SOLUSD_PERP,ask,150,6787.0
2024-08-11 20:11:23,SOLUSD_PERP,ask,150,7183.0
2024-08-11 20:11:23,SOLUSD_PERP,bid,149,7055.0
2024-08-11 20:11:24,SOLUSD_PERP,ask,150,7167.0
2024-08-11 20:11:25,SOLUSD_PERP,bid,148,33411.0
2024-08-11 20:11:26,SOLUSD_PERP,ask,151,7000.0
2024-08-11 20:11:26,SOLUSD_PERP,bid,144,8316.0
2024-08-11 20:11:26,SOLUSD_PERP,bid,148,40579.0
2024-08-11 20:11:26,SOLUSD_PERP,bid,149,12641.0
2024-08-11 20:11:26,SOLUSD_PERP,bid,149,12500.0
2024-08-11 20:11:26,SOLUSD_PERP,bid,149,8273.0
2024-08-11 20:11:26,SOLUSD_PERP,bid,149,10500.0
2024-08-11 20:11:26,SOLUSD_PERP,ask,152,7356.0
2024-08-11 20:11:26,SOLUSD_PERP,ask,185,9358.0
2024-08-11 20:11:26,SOLUSD_PERP,bid,147,7322.0
2024-08-11 20:11:26,SOLUSD_PERP,bid,149,11152.0
2024-08-11 20:11:26,SOLUSD_PERP,ask,150,6837.0
2024-08-11 20:11:28,SOLUSD_PERP,bid,149,11481.0
2024-08-11 20:11:28,SOLUSD_PERP,bid,148,29842.0
2024-08-11 20:11:28,SOLUSD_PERP,bid,149,19250.0
2024-08-11 20:11:28,SOLUSD_PERP,ask,150,10838.0
2024-08-11 20:11:28,SOLUSD_PERP,bid,149,34424.0
2024-08-11 20:11:28,SOLUSD_PERP,bid,149,10500.0
2024-08-11 20:11:28,SOLUSD_PERP,bid,149,7326.0
2024-08-11 20:11:28,SOLUSD_PERP,ask,150,19250.0
2024-08-11 20:11:28,SOLUSD_PERP,bid,148,33168.0
2024-08-11 20:11:28,SOLUSD_PERP,bid,149,8602.0
2024-08-11 20:11:28,SOLUSD_PERP,ask,152,7543.0
2024-08-11 20:11:29,SOLUSD_PERP,ask,150,26880.0
2024-08-11 20:11:29,SOLUSD_PERP,bid,149,8273.0
2024-08-11 20:11:29,SOLUSD_PERP,ask,150,10501.0
2024-08-11 20:11:29,SOLUSD_PERP,bid,149,7630.0
2024-08-11 20:11:30,SOLUSD_PERP,bid,149,7715.0
2024-08-11 20:11:30,SOLUSD_PERP,ask,150,10501.0
2024-08-11 20:11:30,SOLUSD_PERP,ask,150,10501.0
2024-08-11 20:11:33,SOLUSD_PERP,bid,125,9612.0
2024-08-11 20:11:33,SOLUSD_PERP,bid,149,34124.0
2024-08-11 20:11:34,SOLUSD_PERP,bid,149,7654.0
2024-08-11 20:11:34,SOLUSD_PERP,bid,135,161426.0
2024-08-11 20:11:34,SOLUSD_PERP,bid,149,7630.0
2024-08-11 20:11:34,SOLUSD_PERP,ask,151,34018.0
2024-08-11 20:11:35,SOLUSD_PERP,ask,151,12808.0
2024-08-11 20:11:35,SOLUSD_PERP,bid,149,7630.0
2024-08-11 20:11:36,SOLUSD_PERP,bid,149,12826.0
2024-08-11 20:11:37,SOLUSD_PERP,ask,150,19250.0
2024-08-11 20:11:37,SOLUSD_PERP,bid,148,7945.0
2024-08-11 20:11:37,SOLUSD_PERP,ask,150,7630.0
2024-08-11 20:11:38,SOLUSD_PERP,bid,149,12500.0
2024-08-11 20:11:38,SOLUSD_PERP,bid,149,7630.0
2024-08-11 20:11:41,SOLUSD_PERP,bid,148,34423.0
2024-08-11 20:11:41,SOLUSD_PERP,bid,149,12500.0
2024-08-11 20:11:41,SOLUSD_PERP,bid,149,7630.0
2024-08-11 20:11:42,SOLUSD_PERP,bid,148,7945.0
2024-08-11 20:11:47,SOLUSD_PERP,bid,148,34124.0
2024-08-11 20:11:48,SOLUSD_PERP,ask,155,8237.0
2024-08-11 20:11:48,SOLUSD_PERP,ask,150,7072.0
2024-08-11 20:11:49,SOLUSD_PERP,ask,155,8200.0
2024-08-11 20:11:49,SOLUSD_PERP,ask,155,8237.0
2024-08-11 20:11:49,SOLUSD_PERP,bid,149,9016.0
2024-08-11 20:11:50,SOLUSD_PERP,ask,155,8200.0
2024-08-11 20:11:50,SOLUSD_PERP,ask,150,8405.0
2024-08-11 20:11:50,SOLUSD_PERP,ask,150,12342.0
2024-08-11 20:11:50,SOLUSD_PERP,ask,151,42603.0
2024-08-11 20:11:50,SOLUSD_PERP,ask,152,32485.0
2024-08-11 20:11:50,SOLUSD_PERP,ask,154,8189.0
2024-08-11 20:11:50,SOLUSD_PERP,bid,149,10827.0
2024-08-11 20:11:54,SOLUSD_PERP,bid,149,10501.0
2024-08-11 20:11:54,SOLUSD_PERP,bid,149,8599.0
2024-08-11 20:11:54,SOLUSD_PERP,bid,149,8964.0
2024-08-11 20:11:55,SOLUSD_PERP,bid,149,8273.0
2024-08-11 20:11:55,SOLUSD_PERP,bid,149,10830.0
2024-08-11 20:11:55,SOLUSD_PERP,ask,150,7000.0
2024-08-11 20:11:57,SOLUSD_PERP,bid,149,12637.0
2024-08-11 20:11:57,SOLUSD_PERP,bid,149,8274.0
2024-08-11 20:11:57,SOLUSD_PERP,bid,149,10501.0
2024-08-11 20:11:59,SOLUSD_PERP,bid,149,7000.0
2024-08-11 20:11:59,SOLUSD_PERP,bid,149,10500.0
2024-08-11 20:12:01,SOLUSD_PERP,bid,148,33409.0
2024-08-11 20:12:01,SOLUSD_PERP,ask,150,6757.0
2024-08-11 20:12:01,SOLUSD_PERP,ask,150,19276.0
2024-08-11 20:12:01,SOLUSD_PERP,ask,151,29805.0
2024-08-11 20:12:03,SOLUSD_PERP,bid,149,34124.0
2024-08-11 20:12:03,SOLUSD_PERP,bid,140,12030.0
2024-08-11 20:12:03,SOLUSD_PERP,ask,150,8850.0
2024-08-11 20:12:03,SOLUSD_PERP,bid,149,12500.0
2024-08-11 20:12:04,SOLUSD_PERP,ask,150,10500.0
2024-08-11 20:12:05,SOLUSD_PERP,ask,150,7063.0
2024-08-11 20:12:06,SOLUSD_PERP,ask,150,7000.0
2024-08-11 20:12:06,SOLUSD_PERP,ask,150,10873.0
2024-08-11 20:12:06,SOLUSD_PERP,bid,149,8592.0
2024-08-11 20:12:11,SOLUSD_PERP,bid,149,19250.0
2024-08-11 20:12:11,SOLUSD_PERP,bid,149,7000.0
2024-08-11 20:12:11,SOLUSD_PERP,bid,149,12500.0
2024-08-11 20:12:11,SOLUSD_PERP,ask,152,7559.0
2024-08-11 20:12:11,SOLUSD_PERP,bid,149,10500.0
2024-08-11 20:12:12,SOLUSD_PERP,bid,149,12641.0
2024-08-11 20:12:12,SOLUSD_PERP,bid,138,156979.0
2024-08-11 20:12:12,SOLUSD_PERP,ask,150,7000.0
2024-08-11 20:12:12,SOLUSD_PERP,ask,150,7400.0
2024-08-11 20:12:14,SOLUSD_PERP,ask,150,10830.0
2024-08-11 20:12:14,SOLUSD_PERP,bid,146,9631.0
2024-08-11 20:12:15,SOLUSD_PERP,bid,149,40579.0
2024-08-11 20:12:15,SOLUSD_PERP,ask,150,10500.0
2024-08-11 20:12:15,SOLUSD_PERP,bid,149,8273.0
2024-08-11 20:12:20,SOLUSD_PERP,ask,150,7962.0
2024-08-11 20:12:20,SOLUSD_PERP,bid,149,9262.0
2024-08-11 20:12:20,SOLUSD_PERP,ask,150,6761.0
2024-08-11 20:12:21,SOLUSD_PERP,bid,149,10820.0
2024-08-11 20:12:21,SOLUSD_PERP,ask,150,7000.0
2024-08-11 20:12:22,SOLUSD_PERP,bid,149,10500.0
2024-08-11 20:12:26,SOLUSD_PERP,ask,150,6951.0
2024-08-11 20:12:27,SOLUSD_PERP,bid,149,10830.0
2024-08-11 20:12:28,SOLUSD_PERP,bid,149,10500.0
2024-08-11 20:12:28,SOLUSD_PERP,ask,150,7076.0
2024-08-11 20:12:29,SOLUSD_PERP,bid,149,34124.0
2024-08-11 20:12:29,SOLUSD_PERP,bid,149,8273.0
2024-08-11 20:12:30,SOLUSD_PERP,ask,150,7506.0
2024-08-11 20:12:31,SOLUSD_PERP,bid,148,7329.0
2024-08-11 20:12:32,SOLUSD_PERP,ask,150,7796.0
2024-08-11 20:12:32,SOLUSD_PERP,bid,149,7952.0
2024-08-11 20:12:32,SOLUSD_PERP,ask,150,10820.0
2024-08-11 20:12:33,SOLUSD_PERP,ask,150,7317.0
2024-08-11 20:12:35,SOLUSD_PERP,ask,150,11150.0
2024-08-11 20:12:35,SOLUSD_PERP,ask,150,11480.0
2024-08-11 20:12:35,SOLUSD_PERP,ask,150,11160.0
2024-08-11 20:12:35,SOLUSD_PERP,ask,150,11475.0
2024-08-11 20:12:35,SOLUSD_PERP,ask,150,7956.0
2024-08-11 20:12:36,SOLUSD_PERP,ask,150,19250.0
2024-08-11 20:12:37,SOLUSD_PERP,bid,149,10772.0
2024-08-11 20:12:37,SOLUSD_PERP,bid,150,10820.0
2024-08-11 20:12:37,SOLUSD_PERP,ask,150,10815.0
2024-08-11 20:12:37,SOLUSD_PERP,ask,150,10820.0
2024-08-11 20:12:38,SOLUSD_PERP,bid,149,7076.0
2024-08-11 20:12:38,SOLUSD_PERP,ask,150,7076.0
2024-08-11 20:12:38,SOLUSD_PERP,ask,150,7505.0
2024-08-11 20:12:39,SOLUSD_PERP,bid,149,10839.0
2024-08-11 20:12:40,SOLUSD_PERP,bid,150,10500.0
2024-08-11 20:12:40,SOLUSD_PERP,bid,149,8340.0
2024-08-11 20:12:40,SOLUSD_PERP,bid,149,10830.0
2024-08-11 20:12:41,SOLUSD_PERP,bid,149,11474.0
2024-08-11 20:12:41,SOLUSD_PERP,bid,148,18000.0
2024-08-11 20:12:42,SOLUSD_PERP,ask,150,12808.0
2024-08-11 20:12:42,SOLUSD_PERP,bid,149,10500.0
2024-08-11 20:12:43,SOLUSD_PERP,bid,148,32909.0
2024-08-11 20:12:43,SOLUSD_PERP,ask,150,10500.0
2024-08-11 20:12:44,SOLUSD_PERP,bid,148,29770.0
2024-08-11 20:12:44,SOLUSD_PERP,bid,149,7258.0
2024-08-11 20:12:48,SOLUSD_PERP,ask,150,8062.0
2024-08-11 20:12:53,SOLUSD_PERP,ask,150,8405.0
2024-08-11 20:12:54,SOLUSD_PERP,bid,149,8273.0
2024-08-11 20:12:54,SOLUSD_PERP,ask,150,8405.0
2024-08-11 20:12:54,SOLUSD_PERP,ask,152,8835.0
2024-08-11 20:12:55,SOLUSD_PERP,ask,151,19250.0
2024-08-11 20:12:55,SOLUSD_PERP,ask,151,7387.0
2024-08-11 20:12:56,SOLUSD_PERP,bid,149,12800.0
2024-08-11 20:12:57,SOLUSD_PERP,bid,149,6952.0
2024-08-11 20:12:57,SOLUSD_PERP,ask,150,10880.0
2024-08-11 20:12:59,SOLUSD_PERP,bid,149,12708.0
2024-08-11 20:12:59,SOLUSD_PERP,ask,150,10879.0
2024-08-11 20:13:00,SOLUSD_PERP,bid,149,6952.0
2024-08-11 20:13:00,SOLUSD_PERP,ask,150,10564.0
2024-08-11 20:13:01,SOLUSD_PERP,bid,149,12500.0
2024-08-11 20:13:03,SOLUSD_PERP,bid,150,7516.0
2024-08-11 20:13:04,SOLUSD_PERP,ask,150,14855.0
2024-08-11 20:13:04,SOLUSD_PERP,bid,149,10500.0
2024-08-11 20:13:06,SOLUSD_PERP,bid,150,7638.0
2024-08-11 20:13:06,SOLUSD_PERP,ask,150,10564.0
2024-08-11 20:13:07,SOLUSD_PERP,bid,150,8583.0
2024-08-11 20:13:07,SOLUSD_PERP,bid,150,7638.0
2024-08-11 20:13:08,SOLUSD_PERP,bid,150,7538.0
2024-08-11 20:13:08,SOLUSD_PERP,bid,150,7516.0
2024-08-11 20:13:08,SOLUSD_PERP,ask,150,10500.0
2024-08-11 20:13:09,SOLUSD_PERP,bid,150,7650.0
2024-08-11 20:13:10,SOLUSD_PERP,ask,150,10694.0
2024-08-11 20:13:11,SOLUSD_PERP,bid,150,9572.0
2024-08-11 20:13:11,SOLUSD_PERP,ask,150,10802.0
2024-08-11 20:13:12,SOLUSD_PERP,ask,150,13927.0
2024-08-11 20:13:12,SOLUSD_PERP,bid,150,7516.0
2024-08-11 20:13:14,SOLUSD_PERP,bid,150,7079.0
2024-08-11 20:13:15,SOLUSD_PERP,ask,150,7832.0
2024-08-11 20:13:16,SOLUSD_PERP,ask,150,8306.0
2024-08-11 20:13:17,SOLUSD_PERP,ask,150,8406.0
2024-08-11 20:13:17,SOLUSD_PERP,ask,151,29808.0
2024-08-11 20:13:17,SOLUSD_PERP,bid,150,6851.0
2024-08-11 20:13:17,SOLUSD_PERP,bid,150,9649.0
2024-08-11 20:13:17,SOLUSD_PERP,bid,150,9044.0
2024-08-11 20:13:18,SOLUSD_PERP,bid,150,8988.0
2024-08-11 20:13:18,SOLUSD_PERP,bid,150,7831.0
2024-08-11 20:13:18,SOLUSD_PERP,ask,150,6773.0
2024-08-11 20:13:19,SOLUSD_PERP,bid,150,8061.0
2024-08-11 20:13:19,SOLUSD_PERP,ask,150,7948.0
2024-08-11 20:13:19,SOLUSD_PERP,bid,147,14794.0
2024-08-11 20:13:20,SOLUSD_PERP,ask,150,8405.0
2024-08-11 20:13:21,SOLUSD_PERP,bid,150,10505.0
2024-08-11 20:13:21,SOLUSD_PERP,ask,153,7574.0
2024-08-11 20:13:22,SOLUSD_PERP,ask,150,10815.0
2024-08-11 20:13:22,SOLUSD_PERP,ask,150,7000.0
2024-08-11 20:13:22,SOLUSD_PERP,bid,150,8125.0
2024-08-11 20:13:22,SOLUSD_PERP,ask,150,10500.0
2024-08-11 20:13:22,SOLUSD_PERP,ask,150,10820.0
2024-08-11 20:13:22,SOLUSD_PERP,bid,150,7856.0
2024-08-11 20:13:22,SOLUSD_PERP,bid,150,7856.0
2024-08-11 20:13:25,SOLUSD_PERP,ask,150,8172.0
2024-08-11 20:13:25,SOLUSD_PERP,ask,150,9279.0
2024-08-11 20:13:27,SOLUSD_PERP,bid,150,7495.0
2024-08-11 20:13:28,SOLUSD_PERP,ask,150,10500.0
2024-08-11 20:13:29,SOLUSD_PERP,bid,150,7271.0
2024-08-11 20:13:30,SOLUSD_PERP,bid,149,29801.0
2024-08-11 20:13:31,SOLUSD_PERP,bid,150,8825.0
2024-08-11 20:13:32,SOLUSD_PERP,bid,150,7831.0
2024-08-11 20:13:32,SOLUSD_PERP,bid,150,8021.0
2024-08-11 20:13:32,SOLUSD_PERP,bid,150,12555.0
2024-08-11 20:13:32,SOLUSD_PERP,bid,150,7831.0
2024-08-11 20:13:32,SOLUSD_PERP,bid,148,32911.0
2024-08-11 20:13:33,SOLUSD_PERP,bid,150,12555.0
2024-08-11 20:13:33,SOLUSD_PERP,bid,150,7831.0
2024-08-11 20:13:35,SOLUSD_PERP,bid,150,7831.0
2024-08-11 20:13:35,SOLUSD_PERP,bid,150,9103.0
2024-08-11 20:13:36,SOLUSD_PERP,ask,150,7648.0
2024-08-11 20:13:36,SOLUSD_PERP,bid,150,7516.0
2024-08-11 20:13:37,SOLUSD_PERP,bid,150,10500.0
2024-08-11 20:13:38,SOLUSD_PERP,ask,150,10892.0
2024-08-11 20:13:38,SOLUSD_PERP,bid,140,12023.0
2024-08-11 20:13:38,SOLUSD_PERP,bid,149,7000.0
2024-08-11 20:13:38,SOLUSD_PERP,bid,150,6940.0
2024-08-11 20:13:38,SOLUSD_PERP,ask,150,12342.0
2024-08-11 20:13:38,SOLUSD_PERP,ask,150,7531.0
2024-08-11 20:13:39,SOLUSD_PERP,ask,150,7000.0
2024-08-11 20:13:39,SOLUSD_PERP,bid,140,12025.0
2024-08-11 20:13:40,SOLUSD_PERP,bid,150,10563.0
2024-08-11 20:13:40,SOLUSD_PERP,bid,135,161418.0
2024-08-11 20:13:40,SOLUSD_PERP,bid,150,12456.0
2024-08-11 20:13:40,SOLUSD_PERP,ask,150,10891.0
2024-08-11 20:13:40,SOLUSD_PERP,bid,150,7235.0
2024-08-11 20:13:40,SOLUSD_PERP,ask,150,8405.0
2024-08-11 20:13:40,SOLUSD_PERP,ask,153,8309.0
2024-08-11 20:13:40,SOLUSD_PERP,bid,149,10820.0
2024-08-11 20:13:41,SOLUSD_PERP,bid,150,7530.0
2024-08-11 20:13:42,SOLUSD_PERP,bid,150,7530.0
2024-08-11 20:13:42,SOLUSD_PERP,bid,150,6781.0
2024-08-11 20:13:42,SOLUSD_PERP,ask,150,9065.0
2024-08-11 20:13:42,SOLUSD_PERP,ask,151,29795.0
2024-08-11 20:13:42,SOLUSD_PERP,bid,150,7152.0
2024-08-11 20:13:43,SOLUSD_PERP,bid,149,10500.0
2024-08-11 20:13:43,SOLUSD_PERP,bid,150,6851.0
2024-08-11 20:13:43,SOLUSD_PERP,bid,149,10500.0
2024-08-11 20:13:43,SOLUSD_PERP,bid,150,6879.0
2024-08-11 20:13:43,SOLUSD_PERP,ask,150,8405.0
2024-08-11 20:13:44,SOLUSD_PERP,bid,150,7453.0
2024-08-11 20:13:45,SOLUSD_PERP,bid,150,7915.0
2024-08-11 20:13:45,SOLUSD_PERP,bid,150,7516.0
2024-08-11 20:13:45,SOLUSD_PERP,ask,150,8167.0
2024-08-11 20:13:46,SOLUSD_PERP,bid,147,169984.0
2024-08-11 20:13:46,SOLUSD_PERP,bid,135,161420.0
2024-08-11 20:13:46,SOLUSD_PERP,bid,150,7889.0
2024-08-11 20:13:47,SOLUSD_PERP,bid,149,7000.0
2024-08-11 20:13:47,SOLUSD_PERP,bid,150,7516.0
2024-08-11 20:13:47,SOLUSD_PERP,ask,150,6839.0
2024-08-11 20:13:48,SOLUSD_PERP,ask,155,8245.0
2024-08-11 20:13:49,SOLUSD_PERP,ask,150,11211.0
2024-08-11 20:13:49,SOLUSD_PERP,ask,150,8725.0
2024-08-11 20:13:50,SOLUSD_PERP,bid,146,9632.0
2024-08-11 20:13:50,SOLUSD_PERP,bid,150,7596.0
2024-08-11 20:13:50,SOLUSD_PERP,bid,150,7516.0
2024-08-11 20:13:54,SOLUSD_PERP,bid,149,35007.0
2024-08-11 20:13:54,SOLUSD_PERP,bid,150,7177.0
2024-08-11 20:13:55,SOLUSD_PERP,ask,150,6949.0
2024-08-11 20:13:56,SOLUSD_PERP,bid,150,7516.0
2024-08-11 20:13:56,SOLUSD_PERP,bid,150,7182.0
2024-08-11 20:13:56,SOLUSD_PERP,ask,150,9278.0
2024-08-11 20:13:57,SOLUSD_PERP,bid,125,8606.0
2024-08-11 20:13:58,SOLUSD_PERP,bid,150,7534.0
2024-08-11 20:13:58,SOLUSD_PERP,ask,150,7085.0
2024-08-11 20:13:58,SOLUSD_PERP,bid,150,8924.0
2024-08-11 20:13:58,SOLUSD_PERP,bid,150,7516.0
2024-08-11 20:13:58,SOLUSD_PERP,bid,150,8924.0
2024-08-11 20:13:58,SOLUSD_PERP,ask,150,7278.0
2024-08-11 20:13:59,SOLUSD_PERP,ask,150,9274.0
2024-08-11 20:14:00,SOLUSD_PERP,ask,150,6867.0
2024-08-11 20:14:01,SOLUSD_PERP,ask,150,10891.0
2024-08-11 20:14:02,SOLUSD_PERP,ask,150,7541.0
2024-08-11 20:14:02,SOLUSD_PERP,ask,150,7446.0
2024-08-11 20:14:02,SOLUSD_PERP,ask,150,7446.0
2024-08-11 20:14:04,SOLUSD_PERP,ask,150,8405.0
2024-08-11 20:14:04,SOLUSD_PERP,ask,150,11221.0
2024-08-11 20:14:04,SOLUSD_PERP,bid,150,8192.0
2024-08-11 20:14:04,SOLUSD_PERP,ask,150,11551.0
