2024-08-14 12:16:29,SOLUSDT,bid,56,89293.0
2024-08-14 12:16:29,SOLUSDT,bid,74,69658.0
2024-08-14 12:27:34,SOLUSDT,ask,176,28987.0
2024-08-14 13:32:09,SOLUSDT,ask,175,29443.0
2024-08-14 13:34:17,SOLUSDT,ask,175,29442.0
2024-08-14 16:06:08,SOLUSDT,bid,146,86108.0
2024-08-14 16:06:10,SOLUSDT,bid,146,80451.0
2024-08-14 16:06:10,SOLUSDT,bid,146,80451.0
2024-08-14 16:06:11,SOLUSDT,bid,146,80434.0
2024-08-14 16:06:11,SOLUSDT,bid,146,80457.0
2024-08-14 16:06:11,SOLUSDT,bid,146,80436.0
2024-08-14 16:06:11,SOLUSDT,bid,146,80441.0
2024-08-14 16:06:11,SOLUSDT,bid,146,80447.0
2024-08-14 16:06:11,SOLUSDT,bid,146,80448.0
2024-08-14 16:06:12,SOLUSDT,bid,146,80449.0
2024-08-14 16:06:12,SOLUSDT,bid,146,80462.0
2024-08-14 16:06:12,SOLUSDT,bid,146,80463.0
2024-08-14 16:06:12,SOLUSDT,bid,146,80464.0
2024-08-14 16:06:12,SOLUSDT,bid,146,80229.0
2024-08-14 16:06:12,SOLUSDT,bid,146,80235.0
2024-08-14 16:06:12,SOLUSDT,bid,146,80253.0
2024-08-14 16:06:12,SOLUSDT,bid,146,80249.0
2024-08-14 16:06:12,SOLUSDT,bid,146,80250.0
2024-08-14 16:06:13,SOLUSDT,bid,146,80251.0
2024-08-14 16:06:13,SOLUSDT,bid,146,81006.0
2024-08-14 16:06:13,SOLUSDT,bid,146,81007.0
2024-08-14 16:06:13,SOLUSDT,bid,146,81003.0
2024-08-14 16:06:13,SOLUSDT,bid,146,80249.0
2024-08-14 16:06:13,SOLUSDT,bid,146,80249.0
2024-08-14 16:06:13,SOLUSDT,bid,146,80290.0
2024-08-14 16:06:13,SOLUSDT,bid,146,80296.0
2024-08-14 16:06:13,SOLUSDT,bid,146,80211.0
2024-08-14 16:06:13,SOLUSDT,bid,146,80290.0
2024-08-14 16:06:13,SOLUSDT,bid,146,80294.0
2024-08-14 16:06:13,SOLUSDT,bid,146,80296.0
2024-08-14 16:06:13,SOLUSDT,bid,146,80298.0
2024-08-14 16:06:13,SOLUSDT,bid,146,80299.0
2024-08-14 16:06:14,SOLUSDT,bid,146,80300.0
2024-08-14 16:06:14,SOLUSDT,bid,146,80299.0
2024-08-14 16:06:14,SOLUSDT,bid,146,80292.0
2024-08-14 16:06:14,SOLUSDT,bid,146,80293.0
2024-08-14 16:06:14,SOLUSDT,bid,146,80293.0
2024-08-14 16:06:14,SOLUSDT,bid,146,80298.0
2024-08-14 16:06:14,SOLUSDT,bid,146,79984.0
2024-08-14 16:06:14,SOLUSDT,bid,146,79974.0
2024-08-14 16:06:15,SOLUSDT,bid,146,79975.0
2024-08-14 16:06:15,SOLUSDT,bid,146,79976.0
2024-08-14 16:06:15,SOLUSDT,bid,146,79971.0
2024-08-14 16:06:15,SOLUSDT,bid,146,79974.0
2024-08-14 16:06:15,SOLUSDT,bid,146,79054.0
2024-08-14 16:06:15,SOLUSDT,bid,146,79059.0
2024-08-14 16:06:15,SOLUSDT,bid,146,79063.0
2024-08-14 16:06:15,SOLUSDT,bid,146,78714.0
2024-08-14 16:06:15,SOLUSDT,bid,146,78733.0
2024-08-14 16:06:16,SOLUSDT,bid,146,78434.0
2024-08-14 16:06:16,SOLUSDT,bid,146,78418.0
2024-08-14 16:06:16,SOLUSDT,bid,146,78419.0
2024-08-14 16:06:16,SOLUSDT,bid,146,78418.0
2024-08-14 16:06:16,SOLUSDT,bid,146,78420.0
2024-08-14 16:06:16,SOLUSDT,bid,146,78418.0
2024-08-14 16:06:16,SOLUSDT,bid,146,78424.0
2024-08-14 16:06:16,SOLUSDT,bid,146,78425.0
2024-08-14 16:06:16,SOLUSDT,bid,146,78408.0
2024-08-14 16:06:16,SOLUSDT,bid,146,78392.0
2024-08-14 16:06:16,SOLUSDT,bid,146,78393.0
2024-08-14 16:06:17,SOLUSDT,bid,146,78398.0
2024-08-14 16:06:17,SOLUSDT,bid,146,78399.0
2024-08-14 16:06:17,SOLUSDT,bid,146,78398.0
2024-08-14 16:06:17,SOLUSDT,bid,146,78399.0
2024-08-14 16:06:17,SOLUSDT,bid,146,78350.0
2024-08-14 16:06:17,SOLUSDT,bid,146,78534.0
2024-08-14 16:06:17,SOLUSDT,bid,146,78492.0
2024-08-14 16:06:18,SOLUSDT,bid,146,78456.0
2024-08-14 16:06:18,SOLUSDT,bid,146,78455.0
2024-08-14 16:06:18,SOLUSDT,bid,146,78456.0
2024-08-14 16:06:18,SOLUSDT,bid,146,78457.0
2024-08-14 16:06:18,SOLUSDT,bid,146,78148.0
2024-08-14 16:06:18,SOLUSDT,bid,146,78167.0
2024-08-14 16:06:18,SOLUSDT,bid,146,78168.0
2024-08-14 16:06:19,SOLUSDT,bid,146,78169.0
2024-08-14 16:06:19,SOLUSDT,bid,146,78170.0
2024-08-14 16:06:19,SOLUSDT,bid,146,78171.0
2024-08-14 16:06:19,SOLUSDT,bid,146,78177.0
2024-08-14 16:06:19,SOLUSDT,bid,146,78176.0
2024-08-14 16:06:20,SOLUSDT,bid,146,78165.0
2024-08-14 16:06:20,SOLUSDT,bid,146,78154.0
2024-08-14 16:06:20,SOLUSDT,bid,146,78152.0
2024-08-14 16:06:20,SOLUSDT,bid,146,78252.0
2024-08-14 16:06:21,SOLUSDT,bid,146,78152.0
2024-08-14 16:06:21,SOLUSDT,bid,146,78148.0
2024-08-14 16:06:22,SOLUSDT,bid,146,78149.0
2024-08-14 16:06:22,SOLUSDT,bid,146,78140.0
2024-08-14 16:06:22,SOLUSDT,bid,146,78169.0
2024-08-14 16:06:22,SOLUSDT,bid,146,78169.0
2024-08-14 16:06:23,SOLUSDT,bid,146,78237.0
2024-08-14 16:06:23,SOLUSDT,bid,146,78169.0
2024-08-14 16:06:23,SOLUSDT,bid,146,78271.0
2024-08-14 16:06:24,SOLUSDT,bid,146,78169.0
2024-08-14 16:06:24,SOLUSDT,bid,146,78219.0
2024-08-14 16:06:25,SOLUSDT,bid,146,78219.0
2024-08-14 16:06:25,SOLUSDT,bid,146,78198.0
2024-08-14 16:06:25,SOLUSDT,bid,146,78148.0
2024-08-14 16:06:26,SOLUSDT,bid,146,78198.0
2024-08-14 16:06:26,SOLUSDT,bid,146,78148.0
2024-08-14 16:06:26,SOLUSDT,bid,146,78198.0
2024-08-14 16:06:27,SOLUSDT,bid,146,78232.0
2024-08-14 16:06:27,SOLUSDT,bid,146,78232.0
2024-08-14 16:06:27,SOLUSDT,bid,146,78300.0
2024-08-14 16:06:27,SOLUSDT,bid,146,78232.0
2024-08-14 16:06:27,SOLUSDT,bid,146,78182.0
2024-08-14 16:06:27,SOLUSDT,bid,146,78148.0
2024-08-14 16:06:27,SOLUSDT,bid,146,78152.0
2024-08-14 16:06:28,SOLUSDT,bid,146,78148.0
2024-08-14 16:06:28,SOLUSDT,bid,146,78198.0
2024-08-14 16:06:29,SOLUSDT,bid,146,78148.0
2024-08-14 16:06:29,SOLUSDT,bid,146,78198.0
2024-08-14 16:06:29,SOLUSDT,bid,146,78198.0
2024-08-14 16:06:30,SOLUSDT,bid,146,78198.0
2024-08-14 16:06:31,SOLUSDT,bid,146,78198.0
2024-08-14 16:06:31,SOLUSDT,bid,146,78148.0
2024-08-14 16:06:31,SOLUSDT,bid,146,78198.0
2024-08-14 16:06:32,SOLUSDT,bid,146,78198.0
2024-08-14 16:06:32,SOLUSDT,bid,146,78198.0
2024-08-14 16:06:33,SOLUSDT,bid,146,78198.0
2024-08-14 16:06:33,SOLUSDT,bid,146,78199.0
2024-08-14 16:06:33,SOLUSDT,bid,146,78149.0
2024-08-14 16:06:34,SOLUSDT,bid,146,78199.0
2024-08-14 16:06:34,SOLUSDT,bid,146,78199.0
2024-08-14 16:06:35,SOLUSDT,bid,146,78199.0
2024-08-14 16:06:36,SOLUSDT,bid,146,78149.0
2024-08-14 16:06:36,SOLUSDT,bid,146,78199.0
2024-08-14 16:06:36,SOLUSDT,bid,146,78149.0
2024-08-14 16:06:37,SOLUSDT,bid,146,78199.0
2024-08-14 16:06:37,SOLUSDT,bid,146,78149.0
2024-08-14 16:06:38,SOLUSDT,bid,146,78154.0
2024-08-14 16:06:40,SOLUSDT,bid,146,78187.0
2024-08-14 16:06:41,SOLUSDT,bid,146,78214.0
2024-08-14 16:06:43,SOLUSDT,bid,146,78180.0
2024-08-14 16:06:44,SOLUSDT,bid,146,78320.0
2024-08-14 16:06:45,SOLUSDT,bid,146,78325.0
2024-08-14 16:06:45,SOLUSDT,bid,146,78320.0
2024-08-14 16:06:45,SOLUSDT,bid,146,78320.0
2024-08-14 16:06:45,SOLUSDT,bid,146,78320.0
2024-08-14 16:06:46,SOLUSDT,bid,146,78183.0
2024-08-14 16:06:46,SOLUSDT,bid,146,78180.0
2024-08-14 16:06:46,SOLUSDT,bid,146,78180.0
2024-08-14 16:06:46,SOLUSDT,bid,146,78185.0
2024-08-14 16:06:47,SOLUSDT,bid,146,78180.0
2024-08-14 16:06:48,SOLUSDT,bid,146,78280.0
2024-08-14 16:06:48,SOLUSDT,bid,146,78176.0
2024-08-14 16:06:48,SOLUSDT,bid,146,78179.0
2024-08-14 16:06:48,SOLUSDT,bid,146,78176.0
2024-08-14 16:06:49,SOLUSDT,bid,146,78177.0
2024-08-14 16:06:49,SOLUSDT,bid,146,78180.0
2024-08-14 16:06:49,SOLUSDT,bid,146,78179.0
2024-08-14 16:06:52,SOLUSDT,bid,146,78176.0
2024-08-14 16:06:53,SOLUSDT,bid,146,78175.0
2024-08-14 16:06:57,SOLUSDT,bid,146,78180.0
2024-08-14 16:06:57,SOLUSDT,bid,146,78175.0
2024-08-14 16:06:58,SOLUSDT,bid,146,78191.0
2024-08-14 16:06:58,SOLUSDT,bid,146,78191.0
2024-08-14 16:06:59,SOLUSDT,bid,146,78196.0
2024-08-14 16:06:59,SOLUSDT,bid,146,78191.0
2024-08-14 16:07:02,SOLUSDT,bid,146,78175.0
2024-08-14 16:07:03,SOLUSDT,bid,146,78176.0
2024-08-14 16:07:07,SOLUSDT,bid,146,78175.0
2024-08-14 16:07:08,SOLUSDT,bid,146,78180.0
2024-08-14 16:07:08,SOLUSDT,bid,146,78175.0
2024-08-14 16:07:08,SOLUSDT,bid,146,78180.0
2024-08-14 16:07:08,SOLUSDT,bid,146,78175.0
2024-08-14 16:07:08,SOLUSDT,bid,146,78163.0
2024-08-14 16:07:09,SOLUSDT,bid,146,78168.0
2024-08-14 16:07:09,SOLUSDT,bid,146,78163.0
2024-08-14 16:07:11,SOLUSDT,bid,146,78163.0
2024-08-14 16:07:12,SOLUSDT,bid,146,78168.0
2024-08-14 16:07:12,SOLUSDT,bid,146,78163.0
2024-08-14 16:07:13,SOLUSDT,bid,146,78165.0
2024-08-14 16:07:13,SOLUSDT,bid,146,78163.0
2024-08-14 16:07:16,SOLUSDT,bid,146,78163.0
2024-08-14 16:07:18,SOLUSDT,bid,146,78166.0
2024-08-14 16:07:18,SOLUSDT,bid,146,78163.0
2024-08-14 16:07:19,SOLUSDT,bid,146,78168.0
2024-08-14 16:07:19,SOLUSDT,bid,146,78163.0
2024-08-14 16:07:19,SOLUSDT,bid,146,78166.0
2024-08-14 16:07:19,SOLUSDT,bid,146,78163.0
2024-08-14 16:07:19,SOLUSDT,bid,146,78213.0
2024-08-14 16:07:19,SOLUSDT,bid,146,78216.0
2024-08-14 16:07:20,SOLUSDT,bid,146,78213.0
2024-08-14 16:07:20,SOLUSDT,bid,146,78227.0
2024-08-14 16:07:20,SOLUSDT,bid,146,78230.0
2024-08-14 16:07:20,SOLUSDT,bid,146,78227.0
2024-08-14 16:07:21,SOLUSDT,bid,146,78230.0
2024-08-14 16:07:21,SOLUSDT,bid,146,78227.0
2024-08-14 16:07:21,SOLUSDT,bid,146,78227.0
2024-08-14 16:07:21,SOLUSDT,bid,146,78230.0
2024-08-14 16:07:22,SOLUSDT,bid,146,78232.0
2024-08-14 16:07:22,SOLUSDT,bid,146,78234.0
2024-08-14 16:07:23,SOLUSDT,bid,146,78256.0
2024-08-14 16:07:24,SOLUSDT,bid,146,78227.0
2024-08-14 16:07:25,SOLUSDT,bid,146,78227.0
2024-08-14 16:07:25,SOLUSDT,bid,146,78440.0
2024-08-14 16:07:25,SOLUSDT,bid,146,78227.0
2024-08-14 16:07:25,SOLUSDT,bid,146,78232.0
2024-08-14 16:07:25,SOLUSDT,bid,146,78227.0
2024-08-14 16:07:27,SOLUSDT,bid,146,78230.0
2024-08-14 16:07:27,SOLUSDT,bid,146,78230.0
2024-08-14 16:07:29,SOLUSDT,bid,146,78227.0
2024-08-14 16:07:30,SOLUSDT,bid,146,78232.0
2024-08-14 16:07:30,SOLUSDT,bid,146,78227.0
2024-08-14 16:07:36,SOLUSDT,bid,146,78249.0
2024-08-14 16:07:37,SOLUSDT,bid,146,78262.0
2024-08-14 16:07:37,SOLUSDT,bid,146,78249.0
2024-08-14 16:07:40,SOLUSDT,bid,146,78266.0
2024-08-14 16:07:45,SOLUSDT,bid,146,78244.0
2024-08-14 16:07:46,SOLUSDT,bid,146,78250.0
2024-08-14 16:07:47,SOLUSDT,bid,146,78244.0
2024-08-14 16:07:47,SOLUSDT,bid,146,78248.0
2024-08-14 16:07:47,SOLUSDT,bid,146,78240.0
2024-08-14 16:07:48,SOLUSDT,bid,146,78241.0
2024-08-14 16:07:48,SOLUSDT,bid,146,78237.0
2024-08-14 16:07:49,SOLUSDT,bid,146,78227.0
2024-08-14 16:07:49,SOLUSDT,bid,146,78228.0
2024-08-14 16:07:50,SOLUSDT,bid,146,78227.0
2024-08-14 16:07:50,SOLUSDT,bid,146,78240.0
2024-08-14 16:07:50,SOLUSDT,bid,146,78227.0
2024-08-14 16:07:52,SOLUSDT,bid,146,78364.0
2024-08-14 16:07:53,SOLUSDT,bid,146,78227.0
2024-08-14 16:07:53,SOLUSDT,bid,146,78227.0
2024-08-14 16:07:53,SOLUSDT,bid,146,78364.0
2024-08-14 16:07:53,SOLUSDT,bid,146,78227.0
2024-08-14 16:07:55,SOLUSDT,bid,146,78386.0
2024-08-14 16:07:57,SOLUSDT,bid,146,78365.0
2024-08-14 16:07:58,SOLUSDT,bid,146,78375.0
2024-08-14 16:07:59,SOLUSDT,bid,146,78365.0
2024-08-14 16:08:00,SOLUSDT,bid,146,78387.0
2024-08-14 16:08:01,SOLUSDT,bid,146,78369.0
2024-08-14 16:08:01,SOLUSDT,bid,146,78369.0
2024-08-14 16:08:02,SOLUSDT,bid,146,78342.0
2024-08-14 16:08:02,SOLUSDT,bid,146,78355.0
2024-08-14 16:08:02,SOLUSDT,bid,146,78342.0
2024-08-14 16:08:03,SOLUSDT,bid,146,78337.0
2024-08-14 16:08:04,SOLUSDT,bid,146,78315.0
2024-08-14 16:08:05,SOLUSDT,bid,146,78327.0
2024-08-14 16:08:05,SOLUSDT,bid,146,78315.0
2024-08-14 16:08:05,SOLUSDT,bid,146,78415.0
2024-08-14 16:08:06,SOLUSDT,bid,146,78465.0
2024-08-14 16:08:06,SOLUSDT,bid,146,78415.0
2024-08-14 16:08:07,SOLUSDT,bid,146,78315.0
2024-08-14 16:08:07,SOLUSDT,bid,146,78365.0
2024-08-14 16:08:07,SOLUSDT,bid,146,78315.0
2024-08-14 16:08:07,SOLUSDT,bid,146,78365.0
2024-08-14 16:08:07,SOLUSDT,bid,146,78315.0
2024-08-14 16:08:09,SOLUSDT,bid,146,78415.0
2024-08-14 16:08:10,SOLUSDT,bid,146,78315.0
2024-08-14 16:08:11,SOLUSDT,bid,146,78310.0
2024-08-14 16:08:15,SOLUSDT,bid,146,78323.0
2024-08-14 16:08:15,SOLUSDT,bid,146,78310.0
2024-08-14 16:08:15,SOLUSDT,bid,146,78380.0
2024-08-14 16:08:18,SOLUSDT,bid,146,78359.0
2024-08-14 16:08:19,SOLUSDT,bid,146,78541.0
2024-08-14 16:08:19,SOLUSDT,bid,146,78441.0
2024-08-14 16:08:19,SOLUSDT,bid,146,78391.0
2024-08-14 16:08:20,SOLUSDT,bid,146,78289.0
2024-08-14 16:08:21,SOLUSDT,bid,146,78393.0
2024-08-14 16:08:22,SOLUSDT,bid,146,78302.0
2024-08-14 16:08:22,SOLUSDT,bid,146,78329.0
2024-08-14 16:08:24,SOLUSDT,bid,146,78302.0
2024-08-14 16:08:24,SOLUSDT,bid,146,78493.0
2024-08-14 16:08:24,SOLUSDT,bid,146,78493.0
2024-08-14 16:08:26,SOLUSDT,bid,146,78496.0
2024-08-14 16:08:26,SOLUSDT,bid,146,78305.0
2024-08-14 16:08:27,SOLUSDT,bid,146,78310.0
2024-08-14 16:08:27,SOLUSDT,bid,146,78305.0
2024-08-14 16:08:27,SOLUSDT,bid,146,78305.0
2024-08-14 16:08:28,SOLUSDT,bid,146,78325.0
2024-08-14 16:08:28,SOLUSDT,bid,146,78335.0
2024-08-14 16:08:28,SOLUSDT,bid,146,78325.0
2024-08-14 16:08:29,SOLUSDT,bid,146,78335.0
2024-08-14 16:08:29,SOLUSDT,bid,146,78325.0
2024-08-14 16:08:30,SOLUSDT,bid,146,78325.0
2024-08-14 16:08:31,SOLUSDT,bid,146,78302.0
2024-08-14 16:08:31,SOLUSDT,bid,146,78439.0
2024-08-14 16:08:31,SOLUSDT,bid,146,78442.0
2024-08-14 16:08:31,SOLUSDT,bid,146,78305.0
2024-08-14 16:08:32,SOLUSDT,bid,146,78310.0
2024-08-14 16:08:32,SOLUSDT,bid,146,78305.0
2024-08-14 16:08:32,SOLUSDT,bid,146,78302.0
2024-08-14 16:08:33,SOLUSDT,bid,146,78315.0
2024-08-14 16:08:33,SOLUSDT,bid,146,78302.0
2024-08-14 16:08:33,SOLUSDT,bid,146,78415.0
2024-08-14 16:08:34,SOLUSDT,bid,146,78302.0
2024-08-14 16:08:39,SOLUSDT,bid,146,78315.0
2024-08-14 16:08:41,SOLUSDT,bid,146,78302.0
2024-08-14 16:08:50,SOLUSDT,bid,146,78302.0
2024-08-14 16:08:51,SOLUSDT,bid,146,78402.0
2024-08-14 16:08:51,SOLUSDT,bid,146,78302.0
2024-08-14 16:08:51,SOLUSDT,bid,146,78402.0
2024-08-14 16:08:51,SOLUSDT,bid,146,78302.0
2024-08-14 16:08:52,SOLUSDT,bid,146,78402.0
2024-08-14 16:08:52,SOLUSDT,bid,146,78302.0
2024-08-14 16:08:53,SOLUSDT,bid,146,78316.0
2024-08-14 16:08:54,SOLUSDT,bid,146,78201.0
2024-08-14 16:08:54,SOLUSDT,bid,146,78187.0
2024-08-14 16:09:00,SOLUSDT,bid,146,78201.0
2024-08-14 16:09:01,SOLUSDT,bid,146,78221.0
2024-08-14 16:09:03,SOLUSDT,bid,146,78226.0
2024-08-14 16:09:04,SOLUSDT,bid,146,78221.0
2024-08-14 16:09:04,SOLUSDT,bid,146,78221.0
2024-08-14 16:09:04,SOLUSDT,bid,146,78208.0
2024-08-14 16:09:04,SOLUSDT,bid,146,78221.0
2024-08-14 16:09:05,SOLUSDT,bid,146,77777.0
2024-08-14 16:09:05,SOLUSDT,bid,146,77774.0
2024-08-14 16:09:05,SOLUSDT,bid,146,77758.0
2024-08-14 16:09:06,SOLUSDT,bid,146,77761.0
2024-08-14 16:09:06,SOLUSDT,bid,146,77759.0
2024-08-14 16:09:06,SOLUSDT,bid,146,77765.0
2024-08-14 16:09:06,SOLUSDT,bid,146,77861.0
2024-08-14 16:09:06,SOLUSDT,bid,146,77765.0
2024-08-14 16:09:07,SOLUSDT,bid,146,77699.0
2024-08-14 16:09:07,SOLUSDT,bid,146,77666.0
2024-08-14 16:09:07,SOLUSDT,bid,146,77631.0
2024-08-14 16:09:07,SOLUSDT,bid,146,77618.0
2024-08-14 16:09:07,SOLUSDT,bid,146,77581.0
2024-08-14 16:09:07,SOLUSDT,bid,146,77577.0
2024-08-14 16:09:07,SOLUSDT,bid,146,77562.0
2024-08-14 16:09:07,SOLUSDT,bid,146,77565.0
2024-08-14 16:09:08,SOLUSDT,bid,146,77559.0
2024-08-14 16:09:08,SOLUSDT,bid,146,77493.0
2024-08-14 16:09:08,SOLUSDT,bid,146,77447.0
2024-08-14 16:09:08,SOLUSDT,bid,146,77506.0
2024-08-14 16:09:08,SOLUSDT,bid,146,77500.0
2024-08-14 16:09:08,SOLUSDT,bid,146,77494.0
2024-08-14 16:09:08,SOLUSDT,bid,146,77504.0
2024-08-14 16:09:09,SOLUSDT,bid,146,77501.0
2024-08-14 16:09:09,SOLUSDT,bid,146,77503.0
2024-08-14 16:09:09,SOLUSDT,bid,146,77609.0
2024-08-14 16:09:09,SOLUSDT,bid,146,77495.0
2024-08-14 16:09:09,SOLUSDT,bid,146,77461.0
2024-08-14 16:09:10,SOLUSDT,bid,146,77458.0
2024-08-14 16:09:10,SOLUSDT,bid,146,77457.0
2024-08-14 16:09:10,SOLUSDT,bid,146,77448.0
2024-08-14 16:09:10,SOLUSDT,bid,146,77449.0
2024-08-14 16:09:10,SOLUSDT,bid,146,77451.0
2024-08-14 16:09:11,SOLUSDT,bid,146,76911.0
2024-08-14 16:09:11,SOLUSDT,bid,146,76909.0
2024-08-14 16:09:11,SOLUSDT,bid,146,76892.0
2024-08-14 16:09:12,SOLUSDT,bid,146,76824.0
2024-08-14 16:09:12,SOLUSDT,bid,146,76821.0
2024-08-14 16:09:13,SOLUSDT,bid,146,76815.0
2024-08-14 16:09:13,SOLUSDT,bid,146,76810.0
2024-08-14 16:09:14,SOLUSDT,bid,146,76809.0
2024-08-14 16:09:16,SOLUSDT,bid,146,76814.0
2024-08-14 16:09:17,SOLUSDT,bid,146,76814.0
2024-08-14 16:09:17,SOLUSDT,bid,146,76814.0
2024-08-14 16:09:17,SOLUSDT,bid,146,76817.0
2024-08-14 16:09:17,SOLUSDT,bid,146,76814.0
2024-08-14 16:09:17,SOLUSDT,bid,146,76801.0
2024-08-14 16:09:18,SOLUSDT,bid,146,76801.0
2024-08-14 16:09:18,SOLUSDT,bid,146,76820.0
2024-08-14 16:09:18,SOLUSDT,bid,146,76823.0
2024-08-14 16:09:18,SOLUSDT,bid,146,76820.0
2024-08-14 16:09:19,SOLUSDT,bid,146,76823.0
2024-08-14 16:09:20,SOLUSDT,bid,146,76650.0
2024-08-14 16:09:20,SOLUSDT,bid,146,76646.0
2024-08-14 16:09:20,SOLUSDT,bid,146,76651.0
2024-08-14 16:09:20,SOLUSDT,bid,146,76654.0
2024-08-14 16:09:20,SOLUSDT,bid,146,76672.0
2024-08-14 16:09:20,SOLUSDT,bid,146,76671.0
2024-08-14 16:09:20,SOLUSDT,bid,146,76667.0
2024-08-14 16:09:20,SOLUSDT,bid,146,76428.0
2024-08-14 16:09:21,SOLUSDT,bid,146,76422.0
2024-08-14 16:09:21,SOLUSDT,bid,146,76425.0
2024-08-14 16:09:22,SOLUSDT,bid,146,76422.0
2024-08-14 16:09:22,SOLUSDT,bid,146,76422.0
2024-08-14 16:09:22,SOLUSDT,bid,146,76422.0
2024-08-14 16:09:22,SOLUSDT,bid,146,76424.0
2024-08-14 16:09:23,SOLUSDT,bid,146,76419.0
2024-08-14 16:09:23,SOLUSDT,bid,146,76416.0
2024-08-14 16:09:23,SOLUSDT,bid,146,76419.0
2024-08-14 16:09:23,SOLUSDT,bid,146,76420.0
2024-08-14 16:09:23,SOLUSDT,bid,146,76418.0
2024-08-14 16:09:23,SOLUSDT,bid,146,76417.0
2024-08-14 16:09:24,SOLUSDT,bid,146,76397.0
2024-08-14 16:09:26,SOLUSDT,bid,146,76400.0
2024-08-14 16:09:26,SOLUSDT,bid,146,76397.0
2024-08-14 16:09:26,SOLUSDT,bid,146,76400.0
2024-08-14 16:09:26,SOLUSDT,bid,146,76397.0
2024-08-14 16:09:27,SOLUSDT,bid,146,76394.0
2024-08-14 16:09:27,SOLUSDT,bid,146,76397.0
2024-08-14 16:09:27,SOLUSDT,bid,146,76419.0
2024-08-14 16:09:28,SOLUSDT,bid,146,76397.0
2024-08-14 16:09:28,SOLUSDT,bid,146,76400.0
2024-08-14 16:09:29,SOLUSDT,bid,146,76405.0
2024-08-14 16:09:30,SOLUSDT,bid,146,76405.0
2024-08-14 16:09:30,SOLUSDT,bid,146,76394.0
2024-08-14 16:09:30,SOLUSDT,bid,146,76394.0
2024-08-14 16:09:30,SOLUSDT,bid,146,76394.0
2024-08-14 16:09:30,SOLUSDT,bid,146,76397.0
2024-08-14 16:09:31,SOLUSDT,bid,146,76379.0
2024-08-14 16:09:31,SOLUSDT,bid,146,76335.0
2024-08-14 16:09:31,SOLUSDT,bid,146,76385.0
2024-08-14 16:09:31,SOLUSDT,bid,146,76373.0
2024-08-14 16:09:31,SOLUSDT,bid,146,76379.0
2024-08-14 16:09:32,SOLUSDT,bid,146,76376.0
2024-08-14 16:09:32,SOLUSDT,bid,146,76382.0
2024-08-14 16:09:32,SOLUSDT,bid,146,76296.0
2024-08-14 16:09:32,SOLUSDT,bid,146,76296.0
2024-08-14 16:09:32,SOLUSDT,bid,146,76299.0
2024-08-14 16:09:32,SOLUSDT,bid,146,76297.0
2024-08-14 16:09:32,SOLUSDT,bid,146,76296.0
2024-08-14 16:09:32,SOLUSDT,bid,146,76313.0
2024-08-14 16:09:32,SOLUSDT,bid,146,76308.0
2024-08-14 16:09:32,SOLUSDT,bid,146,76302.0
2024-08-14 16:09:32,SOLUSDT,bid,146,76300.0
2024-08-14 16:09:32,SOLUSDT,bid,146,76283.0
2024-08-14 16:09:33,SOLUSDT,bid,146,76275.0
2024-08-14 16:09:33,SOLUSDT,bid,146,76283.0
2024-08-14 16:09:34,SOLUSDT,bid,146,76281.0
2024-08-14 16:09:34,SOLUSDT,bid,146,76273.0
2024-08-14 16:09:35,SOLUSDT,bid,146,76273.0
2024-08-14 16:09:35,SOLUSDT,bid,146,76278.0
2024-08-14 16:09:35,SOLUSDT,bid,146,76273.0
2024-08-14 16:09:36,SOLUSDT,bid,146,76283.0
2024-08-14 16:09:36,SOLUSDT,bid,146,76273.0
2024-08-14 16:09:36,SOLUSDT,bid,146,76270.0
2024-08-14 16:09:37,SOLUSDT,bid,146,76275.0
2024-08-14 16:09:37,SOLUSDT,bid,146,76236.0
2024-08-14 16:09:38,SOLUSDT,bid,146,76231.0
2024-08-14 16:09:38,SOLUSDT,bid,146,76231.0
2024-08-14 16:09:38,SOLUSDT,bid,146,76236.0
2024-08-14 16:09:38,SOLUSDT,bid,146,76239.0
2024-08-14 16:09:39,SOLUSDT,bid,146,76236.0
2024-08-14 16:09:39,SOLUSDT,bid,146,76238.0
2024-08-14 16:09:40,SOLUSDT,bid,146,76235.0
2024-08-14 16:09:41,SOLUSDT,bid,146,76233.0
2024-08-14 16:09:42,SOLUSDT,bid,146,76087.0
2024-08-14 16:09:43,SOLUSDT,bid,146,76087.0
2024-08-14 16:09:43,SOLUSDT,bid,146,76084.0
2024-08-14 16:09:43,SOLUSDT,bid,146,76084.0
2024-08-14 16:09:43,SOLUSDT,bid,146,76085.0
2024-08-14 16:09:44,SOLUSDT,bid,146,76073.0
2024-08-14 16:09:44,SOLUSDT,bid,146,76073.0
2024-08-14 16:09:44,SOLUSDT,bid,146,76071.0
2024-08-14 16:09:45,SOLUSDT,bid,146,76042.0
2024-08-14 16:09:45,SOLUSDT,bid,146,76037.0
2024-08-14 16:09:45,SOLUSDT,bid,146,74632.0
2024-08-14 16:09:45,SOLUSDT,bid,146,74632.0
2024-08-14 16:09:45,SOLUSDT,bid,146,74636.0
2024-08-14 16:09:46,SOLUSDT,bid,146,74592.0
2024-08-14 16:09:46,SOLUSDT,bid,146,74589.0
2024-08-14 16:09:46,SOLUSDT,bid,146,74630.0
2024-08-14 16:09:46,SOLUSDT,bid,146,74628.0
2024-08-14 16:09:46,SOLUSDT,bid,146,74628.0
2024-08-14 16:09:47,SOLUSDT,bid,146,74628.0
2024-08-14 16:09:47,SOLUSDT,bid,146,74630.0
2024-08-14 16:09:48,SOLUSDT,bid,146,74629.0
2024-08-14 16:09:48,SOLUSDT,bid,146,74629.0
2024-08-14 16:09:48,SOLUSDT,bid,146,74629.0
2024-08-14 16:09:48,SOLUSDT,bid,146,74580.0
2024-08-14 16:09:48,SOLUSDT,bid,146,74580.0
2024-08-14 16:09:48,SOLUSDT,bid,146,74577.0
2024-08-14 16:09:49,SOLUSDT,bid,146,74575.0
2024-08-14 16:09:49,SOLUSDT,bid,146,74578.0
2024-08-14 16:09:49,SOLUSDT,bid,146,74577.0
2024-08-14 16:09:49,SOLUSDT,bid,146,74583.0
2024-08-14 16:09:49,SOLUSDT,bid,146,74580.0
2024-08-14 16:09:49,SOLUSDT,bid,146,74582.0
2024-08-14 16:09:50,SOLUSDT,bid,146,74562.0
2024-08-14 16:09:50,SOLUSDT,bid,146,74556.0
2024-08-14 16:09:50,SOLUSDT,bid,146,74557.0
2024-08-14 16:09:50,SOLUSDT,bid,146,74554.0
2024-08-14 16:09:50,SOLUSDT,bid,146,74554.0
2024-08-14 16:09:51,SOLUSDT,bid,146,74558.0
2024-08-14 16:09:51,SOLUSDT,bid,146,74555.0
2024-08-14 16:09:51,SOLUSDT,bid,146,74551.0
2024-08-14 16:09:51,SOLUSDT,bid,146,74552.0
2024-08-14 16:09:52,SOLUSDT,bid,146,74549.0
2024-08-14 16:09:52,SOLUSDT,bid,146,74515.0
2024-08-14 16:09:52,SOLUSDT,bid,146,74515.0
2024-08-14 16:09:52,SOLUSDT,bid,146,74511.0
2024-08-14 16:09:52,SOLUSDT,bid,146,74510.0
2024-08-14 16:09:52,SOLUSDT,bid,146,74508.0
2024-08-14 16:09:53,SOLUSDT,bid,146,74507.0
2024-08-14 16:09:53,SOLUSDT,bid,146,73812.0
2024-08-14 16:09:53,SOLUSDT,bid,146,73824.0
2024-08-14 16:09:53,SOLUSDT,bid,146,73815.0
2024-08-14 16:09:53,SOLUSDT,bid,146,73814.0
2024-08-14 16:09:53,SOLUSDT,bid,146,73816.0
2024-08-14 16:09:53,SOLUSDT,bid,146,73819.0
2024-08-14 16:09:53,SOLUSDT,bid,146,73815.0
2024-08-14 16:09:53,SOLUSDT,bid,146,73822.0
2024-08-14 16:09:53,SOLUSDT,bid,146,73822.0
2024-08-14 16:09:54,SOLUSDT,bid,146,72763.0
2024-08-14 16:09:54,SOLUSDT,bid,146,72765.0
2024-08-14 16:09:54,SOLUSDT,bid,146,72770.0
2024-08-14 16:09:55,SOLUSDT,bid,146,72757.0
2024-08-14 16:09:55,SOLUSDT,bid,146,72744.0
2024-08-14 16:09:55,SOLUSDT,bid,146,72710.0
2024-08-14 16:09:55,SOLUSDT,bid,146,72678.0
2024-08-14 16:09:56,SOLUSDT,bid,146,72675.0
2024-08-14 16:09:56,SOLUSDT,bid,146,72675.0
2024-08-14 16:09:57,SOLUSDT,bid,146,72676.0
2024-08-14 16:09:57,SOLUSDT,bid,146,72663.0
2024-08-14 16:09:57,SOLUSDT,bid,146,72660.0
2024-08-14 16:09:57,SOLUSDT,bid,146,72646.0
2024-08-14 16:09:57,SOLUSDT,bid,146,72645.0
2024-08-14 16:09:57,SOLUSDT,bid,146,72645.0
2024-08-14 16:09:57,SOLUSDT,bid,146,72598.0
2024-08-14 16:09:58,SOLUSDT,bid,146,72514.0
2024-08-14 16:09:58,SOLUSDT,bid,146,72485.0
2024-08-14 16:09:58,SOLUSDT,bid,146,72486.0
2024-08-14 16:09:58,SOLUSDT,bid,146,72471.0
2024-08-14 16:09:59,SOLUSDT,bid,146,72468.0
2024-08-14 16:09:59,SOLUSDT,bid,146,72469.0
2024-08-14 16:09:59,SOLUSDT,bid,146,72468.0
2024-08-14 16:09:59,SOLUSDT,bid,146,72467.0
2024-08-14 16:09:59,SOLUSDT,bid,146,72464.0
2024-08-14 16:10:00,SOLUSDT,bid,146,72391.0
2024-08-14 16:10:00,SOLUSDT,bid,146,72279.0
2024-08-14 16:10:00,SOLUSDT,bid,146,72287.0
2024-08-14 16:10:01,SOLUSDT,bid,146,72287.0
2024-08-14 16:10:01,SOLUSDT,bid,146,71764.0
2024-08-14 16:10:01,SOLUSDT,bid,146,71768.0
2024-08-14 16:10:02,SOLUSDT,bid,146,71124.0
2024-08-14 16:10:02,SOLUSDT,bid,146,71136.0
2024-08-14 16:10:02,SOLUSDT,bid,146,71272.0
2024-08-14 16:10:02,SOLUSDT,bid,146,71271.0
2024-08-14 16:10:03,SOLUSDT,bid,146,71260.0
2024-08-14 16:10:03,SOLUSDT,bid,146,71259.0
2024-08-14 16:10:03,SOLUSDT,bid,146,71260.0
2024-08-14 16:10:03,SOLUSDT,bid,146,71235.0
2024-08-14 16:10:03,SOLUSDT,bid,146,71238.0
2024-08-14 16:10:03,SOLUSDT,bid,146,71235.0
2024-08-14 16:10:03,SOLUSDT,bid,146,71234.0
2024-08-14 16:10:04,SOLUSDT,bid,146,71222.0
2024-08-14 16:10:04,SOLUSDT,bid,146,71086.0
2024-08-14 16:10:04,SOLUSDT,bid,146,71088.0
2024-08-14 16:10:04,SOLUSDT,bid,146,71087.0
2024-08-14 16:10:05,SOLUSDT,bid,146,71110.0
2024-08-14 16:10:05,SOLUSDT,bid,146,71109.0
2024-08-14 16:10:05,SOLUSDT,bid,146,71108.0
2024-08-14 16:10:05,SOLUSDT,bid,146,71101.0
2024-08-14 16:10:05,SOLUSDT,bid,146,70995.0
2024-08-14 16:10:05,SOLUSDT,bid,146,70996.0
2024-08-14 16:10:06,SOLUSDT,bid,146,70995.0
2024-08-14 16:10:06,SOLUSDT,bid,146,70996.0
2024-08-14 16:10:06,SOLUSDT,bid,146,71005.0
2024-08-14 16:10:07,SOLUSDT,bid,146,71005.0
2024-08-14 16:10:07,SOLUSDT,bid,146,71031.0
2024-08-14 16:10:08,SOLUSDT,bid,146,71031.0
2024-08-14 16:10:08,SOLUSDT,bid,146,71027.0
2024-08-14 16:10:08,SOLUSDT,bid,146,71025.0
2024-08-14 16:10:08,SOLUSDT,bid,146,71029.0
2024-08-14 16:10:08,SOLUSDT,bid,146,71054.0
2024-08-14 16:10:08,SOLUSDT,bid,146,71039.0
2024-08-14 16:10:09,SOLUSDT,bid,146,71033.0
2024-08-14 16:10:09,SOLUSDT,bid,146,71058.0
2024-08-14 16:10:09,SOLUSDT,bid,146,71053.0
2024-08-14 16:10:10,SOLUSDT,bid,146,71043.0
2024-08-14 16:10:10,SOLUSDT,bid,146,71068.0
2024-08-14 16:10:11,SOLUSDT,bid,146,71068.0
2024-08-14 16:10:11,SOLUSDT,bid,146,71008.0
2024-08-14 16:10:11,SOLUSDT,bid,146,70980.0
2024-08-14 16:10:11,SOLUSDT,bid,146,70980.0
2024-08-14 16:10:11,SOLUSDT,bid,146,71005.0
2024-08-14 16:10:12,SOLUSDT,bid,146,70958.0
2024-08-14 16:10:12,SOLUSDT,bid,146,70957.0
2024-08-14 16:10:12,SOLUSDT,bid,146,70927.0
2024-08-14 16:10:12,SOLUSDT,bid,146,70944.0
2024-08-14 16:10:12,SOLUSDT,bid,146,70911.0
2024-08-14 16:10:13,SOLUSDT,bid,146,70936.0
2024-08-14 16:10:13,SOLUSDT,bid,146,70931.0
2024-08-14 16:10:13,SOLUSDT,bid,146,70191.0
2024-08-14 16:10:13,SOLUSDT,bid,146,70169.0
2024-08-14 16:10:13,SOLUSDT,bid,146,70169.0
2024-08-14 16:10:14,SOLUSDT,bid,146,70163.0
2024-08-14 16:10:14,SOLUSDT,bid,146,70132.0
2024-08-14 16:10:14,SOLUSDT,bid,146,70153.0
2024-08-14 16:10:14,SOLUSDT,bid,146,70137.0
2024-08-14 16:10:14,SOLUSDT,bid,146,70141.0
2024-08-14 16:10:14,SOLUSDT,bid,146,70090.0
2024-08-14 16:10:15,SOLUSDT,bid,146,70052.0
2024-08-14 16:10:15,SOLUSDT,bid,146,70050.0
2024-08-14 16:10:15,SOLUSDT,bid,146,70077.0
2024-08-14 16:10:15,SOLUSDT,bid,146,70076.0
2024-08-14 16:10:16,SOLUSDT,bid,146,70075.0
2024-08-14 16:10:16,SOLUSDT,bid,146,70076.0
2024-08-14 16:10:16,SOLUSDT,bid,146,70080.0
2024-08-14 16:10:16,SOLUSDT,bid,146,70105.0
2024-08-14 16:10:16,SOLUSDT,bid,146,70066.0
2024-08-14 16:10:16,SOLUSDT,bid,146,70060.0
2024-08-14 16:10:17,SOLUSDT,bid,146,70049.0
2024-08-14 16:10:17,SOLUSDT,bid,146,70038.0
2024-08-14 16:10:17,SOLUSDT,bid,146,70035.0
2024-08-14 16:10:17,SOLUSDT,bid,146,69861.0
2024-08-14 16:10:17,SOLUSDT,bid,146,69824.0
2024-08-14 16:10:17,SOLUSDT,bid,146,69774.0
2024-08-14 16:10:17,SOLUSDT,bid,146,69738.0
2024-08-14 16:10:18,SOLUSDT,bid,146,69727.0
2024-08-14 16:10:18,SOLUSDT,bid,146,69726.0
2024-08-14 16:10:18,SOLUSDT,bid,146,69720.0
2024-08-14 16:10:18,SOLUSDT,bid,146,69720.0
2024-08-14 16:10:18,SOLUSDT,bid,146,69714.0
2024-08-14 16:10:18,SOLUSDT,bid,146,69583.0
2024-08-14 16:10:18,SOLUSDT,bid,146,69575.0
2024-08-14 16:10:18,SOLUSDT,bid,146,69572.0
2024-08-14 16:10:19,SOLUSDT,bid,146,69561.0
2024-08-14 16:10:19,SOLUSDT,bid,146,69583.0
2024-08-14 16:10:19,SOLUSDT,bid,146,69553.0
2024-08-14 16:10:19,SOLUSDT,bid,146,69542.0
2024-08-14 16:10:19,SOLUSDT,bid,146,69546.0
2024-08-14 16:10:20,SOLUSDT,bid,146,69489.0
2024-08-14 16:10:20,SOLUSDT,bid,146,69465.0
2024-08-14 16:10:21,SOLUSDT,bid,146,69463.0
2024-08-14 16:10:21,SOLUSDT,bid,146,69349.0
2024-08-14 16:10:21,SOLUSDT,bid,146,68973.0
2024-08-14 16:10:21,SOLUSDT,bid,146,68962.0
2024-08-14 16:10:21,SOLUSDT,bid,146,68987.0
2024-08-14 16:10:21,SOLUSDT,bid,146,68961.0
2024-08-14 16:10:22,SOLUSDT,bid,146,68960.0
2024-08-14 16:10:22,SOLUSDT,bid,146,68908.0
2024-08-14 16:10:22,SOLUSDT,bid,146,68961.0
2024-08-14 16:10:22,SOLUSDT,bid,146,68940.0
2024-08-14 16:10:22,SOLUSDT,bid,146,68890.0
2024-08-14 16:10:23,SOLUSDT,bid,146,68891.0
2024-08-14 16:10:23,SOLUSDT,bid,146,68890.0
2024-08-14 16:10:24,SOLUSDT,bid,146,68890.0
2024-08-14 16:10:24,SOLUSDT,bid,146,68888.0
2024-08-14 16:10:24,SOLUSDT,bid,146,68911.0
2024-08-14 16:10:24,SOLUSDT,bid,146,68887.0
2024-08-14 16:10:24,SOLUSDT,bid,146,68886.0
2024-08-14 16:10:25,SOLUSDT,bid,146,68883.0
2024-08-14 16:10:25,SOLUSDT,bid,146,68877.0
2024-08-14 16:10:25,SOLUSDT,bid,146,68864.0
2024-08-14 16:10:25,SOLUSDT,bid,146,68864.0
2024-08-14 16:10:25,SOLUSDT,bid,146,68863.0
2024-08-14 16:10:25,SOLUSDT,bid,146,68864.0
2024-08-14 16:10:25,SOLUSDT,bid,146,68863.0
2024-08-14 16:10:25,SOLUSDT,bid,146,68834.0
2024-08-14 16:10:25,SOLUSDT,bid,146,68833.0
2024-08-14 16:10:26,SOLUSDT,bid,146,68834.0
2024-08-14 16:10:27,SOLUSDT,bid,146,68837.0
2024-08-14 16:10:27,SOLUSDT,bid,146,68820.0
2024-08-14 16:10:28,SOLUSDT,bid,146,68751.0
2024-08-14 16:10:28,SOLUSDT,bid,146,68742.0
2024-08-14 16:10:28,SOLUSDT,bid,146,68766.0
2024-08-14 16:10:28,SOLUSDT,bid,146,68741.0
2024-08-14 16:10:28,SOLUSDT,bid,146,68768.0
2024-08-14 16:10:30,SOLUSDT,bid,146,68763.0
2024-08-14 16:10:30,SOLUSDT,bid,146,68769.0
2024-08-14 16:10:30,SOLUSDT,bid,146,68779.0
2024-08-14 16:10:30,SOLUSDT,bid,146,68777.0
2024-08-14 16:10:30,SOLUSDT,bid,146,68773.0
2024-08-14 16:10:31,SOLUSDT,bid,146,68780.0
2024-08-14 16:10:31,SOLUSDT,bid,146,68806.0
2024-08-14 16:10:31,SOLUSDT,bid,146,68781.0
2024-08-14 16:10:31,SOLUSDT,bid,146,68815.0
2024-08-14 16:10:31,SOLUSDT,bid,146,68781.0
2024-08-14 16:10:32,SOLUSDT,bid,146,68790.0
2024-08-14 16:10:33,SOLUSDT,bid,146,68785.0
2024-08-14 16:10:33,SOLUSDT,bid,146,68797.0
2024-08-14 16:10:33,SOLUSDT,bid,146,68804.0
2024-08-14 16:10:33,SOLUSDT,bid,146,68802.0
2024-08-14 16:10:34,SOLUSDT,bid,146,68791.0
2024-08-14 16:10:34,SOLUSDT,bid,146,68793.0
2024-08-14 16:10:34,SOLUSDT,bid,146,68791.0
2024-08-14 16:10:34,SOLUSDT,bid,146,68787.0
2024-08-14 16:10:34,SOLUSDT,bid,146,68789.0
2024-08-14 16:10:35,SOLUSDT,bid,146,68790.0
2024-08-14 16:10:36,SOLUSDT,bid,146,68787.0
2024-08-14 16:10:36,SOLUSDT,bid,146,68788.0
2024-08-14 16:10:36,SOLUSDT,bid,146,68790.0
2024-08-14 16:10:36,SOLUSDT,bid,146,68783.0
2024-08-14 16:10:36,SOLUSDT,bid,146,68785.0
2024-08-14 16:10:37,SOLUSDT,bid,146,68809.0
2024-08-14 16:10:37,SOLUSDT,bid,146,68786.0
2024-08-14 16:10:38,SOLUSDT,bid,146,68716.0
2024-08-14 16:10:38,SOLUSDT,bid,146,68717.0
2024-08-14 16:10:38,SOLUSDT,bid,146,68620.0
2024-08-14 16:10:39,SOLUSDT,bid,146,68619.0
2024-08-14 16:10:39,SOLUSDT,bid,146,68628.0
2024-08-14 16:10:40,SOLUSDT,bid,146,68611.0
2024-08-14 16:10:40,SOLUSDT,bid,146,68611.0
2024-08-14 16:10:40,SOLUSDT,bid,146,68597.0
2024-08-14 16:10:40,SOLUSDT,bid,146,68648.0
2024-08-14 16:10:40,SOLUSDT,bid,146,68645.0
2024-08-14 16:10:40,SOLUSDT,bid,146,68646.0
2024-08-14 16:10:41,SOLUSDT,bid,146,68643.0
2024-08-14 16:10:41,SOLUSDT,bid,146,68619.0
2024-08-14 16:10:41,SOLUSDT,bid,146,68621.0
2024-08-14 16:10:41,SOLUSDT,bid,146,68617.0
2024-08-14 16:10:41,SOLUSDT,bid,146,68614.0
2024-08-14 16:10:42,SOLUSDT,bid,146,68618.0
2024-08-14 16:10:42,SOLUSDT,bid,146,68633.0
2024-08-14 16:10:42,SOLUSDT,bid,146,68603.0
2024-08-14 16:10:42,SOLUSDT,bid,146,68614.0
2024-08-14 16:10:42,SOLUSDT,bid,146,68612.0
2024-08-14 16:10:42,SOLUSDT,bid,146,68410.0
2024-08-14 16:10:43,SOLUSDT,bid,146,68409.0
2024-08-14 16:10:43,SOLUSDT,bid,146,68410.0
2024-08-14 16:10:43,SOLUSDT,bid,146,68408.0
2024-08-14 16:10:43,SOLUSDT,bid,146,68399.0
2024-08-14 16:10:43,SOLUSDT,bid,146,68401.0
2024-08-14 16:10:43,SOLUSDT,bid,146,68401.0
2024-08-14 16:10:44,SOLUSDT,bid,146,68399.0
2024-08-14 16:10:44,SOLUSDT,bid,146,68392.0
2024-08-14 16:10:45,SOLUSDT,bid,146,68391.0
2024-08-14 16:10:45,SOLUSDT,bid,146,68385.0
2024-08-14 16:10:45,SOLUSDT,bid,146,68375.0
2024-08-14 16:10:45,SOLUSDT,bid,146,68361.0
2024-08-14 16:10:45,SOLUSDT,bid,146,68361.0
2024-08-14 16:10:45,SOLUSDT,bid,146,68364.0
2024-08-14 16:10:45,SOLUSDT,bid,146,68364.0
2024-08-14 16:10:46,SOLUSDT,bid,146,68351.0
2024-08-14 16:10:46,SOLUSDT,bid,146,68352.0
2024-08-14 16:10:46,SOLUSDT,bid,146,68346.0
2024-08-14 16:10:46,SOLUSDT,bid,146,68337.0
2024-08-14 16:10:46,SOLUSDT,bid,146,68364.0
2024-08-14 16:10:46,SOLUSDT,bid,146,68181.0
2024-08-14 16:10:46,SOLUSDT,bid,146,68033.0
2024-08-14 16:10:46,SOLUSDT,bid,146,68028.0
2024-08-14 16:10:46,SOLUSDT,bid,146,67808.0
2024-08-14 16:10:47,SOLUSDT,bid,146,67793.0
2024-08-14 16:10:47,SOLUSDT,bid,146,67775.0
2024-08-14 16:10:47,SOLUSDT,bid,146,67775.0
2024-08-14 16:10:47,SOLUSDT,bid,146,67674.0
2024-08-14 16:10:47,SOLUSDT,bid,146,67676.0
2024-08-14 16:10:48,SOLUSDT,bid,146,67663.0
2024-08-14 16:10:48,SOLUSDT,bid,146,67632.0
2024-08-14 16:10:48,SOLUSDT,bid,146,67607.0
2024-08-14 16:10:49,SOLUSDT,bid,146,67607.0
2024-08-14 16:10:49,SOLUSDT,bid,146,67605.0
2024-08-14 16:10:49,SOLUSDT,bid,146,67619.0
2024-08-14 16:10:50,SOLUSDT,bid,146,67596.0
2024-08-14 16:10:50,SOLUSDT,bid,146,67597.0
2024-08-14 16:10:50,SOLUSDT,bid,146,67595.0
2024-08-14 16:10:50,SOLUSDT,bid,146,67600.0
2024-08-14 16:10:50,SOLUSDT,bid,146,67574.0
2024-08-14 16:10:50,SOLUSDT,bid,146,67566.0
2024-08-14 16:10:50,SOLUSDT,bid,146,67592.0
2024-08-14 16:10:50,SOLUSDT,bid,146,67574.0
2024-08-14 16:10:51,SOLUSDT,bid,146,67570.0
2024-08-14 16:10:51,SOLUSDT,bid,146,67569.0
2024-08-14 16:10:51,SOLUSDT,bid,146,67571.0
2024-08-14 16:10:51,SOLUSDT,bid,146,67572.0
2024-08-14 16:10:52,SOLUSDT,bid,146,67569.0
2024-08-14 16:10:53,SOLUSDT,bid,146,67632.0
2024-08-14 16:10:53,SOLUSDT,bid,146,67506.0
2024-08-14 16:10:53,SOLUSDT,bid,146,67481.0
2024-08-14 16:10:54,SOLUSDT,bid,146,67475.0
2024-08-14 16:10:54,SOLUSDT,bid,146,67419.0
2024-08-14 16:10:54,SOLUSDT,bid,146,67365.0
2024-08-14 16:10:54,SOLUSDT,bid,146,67352.0
2024-08-14 16:10:55,SOLUSDT,bid,146,67335.0
2024-08-14 16:10:55,SOLUSDT,bid,146,67310.0
2024-08-14 16:10:55,SOLUSDT,bid,146,67446.0
2024-08-14 16:10:56,SOLUSDT,bid,146,67283.0
2024-08-14 16:10:56,SOLUSDT,bid,146,67286.0
2024-08-14 16:10:57,SOLUSDT,bid,146,67242.0
2024-08-14 16:10:57,SOLUSDT,bid,146,67215.0
2024-08-14 16:10:57,SOLUSDT,bid,146,67204.0
2024-08-14 16:10:58,SOLUSDT,bid,146,67178.0
2024-08-14 16:10:59,SOLUSDT,bid,146,67147.0
2024-08-14 16:10:59,SOLUSDT,bid,146,67149.0
2024-08-14 16:11:00,SOLUSDT,bid,146,67152.0
2024-08-14 16:11:00,SOLUSDT,bid,146,67144.0
2024-08-14 16:11:00,SOLUSDT,bid,146,67144.0
2024-08-14 16:11:00,SOLUSDT,bid,146,67118.0
2024-08-14 16:11:01,SOLUSDT,bid,146,67110.0
2024-08-14 16:11:01,SOLUSDT,bid,146,67246.0
2024-08-14 16:11:01,SOLUSDT,bid,146,67110.0
2024-08-14 16:11:01,SOLUSDT,bid,146,67026.0
2024-08-14 16:11:01,SOLUSDT,bid,146,67027.0
2024-08-14 16:11:02,SOLUSDT,bid,146,67027.0
2024-08-14 16:11:02,SOLUSDT,bid,146,67033.0
2024-08-14 16:11:02,SOLUSDT,bid,146,67069.0
2024-08-14 16:11:02,SOLUSDT,bid,146,67044.0
2024-08-14 16:11:03,SOLUSDT,bid,146,67036.0
2024-08-14 16:11:03,SOLUSDT,bid,146,67030.0
2024-08-14 16:11:03,SOLUSDT,bid,146,67055.0
2024-08-14 16:11:03,SOLUSDT,bid,146,67071.0
2024-08-14 16:11:04,SOLUSDT,bid,146,67071.0
2024-08-14 16:11:04,SOLUSDT,bid,146,67069.0
2024-08-14 16:11:04,SOLUSDT,bid,146,67069.0
2024-08-14 16:11:04,SOLUSDT,bid,146,67069.0
2024-08-14 16:11:04,SOLUSDT,bid,146,67072.0
2024-08-14 16:11:04,SOLUSDT,bid,146,67073.0
2024-08-14 16:11:04,SOLUSDT,bid,146,67073.0
2024-08-14 16:11:04,SOLUSDT,bid,146,67070.0
2024-08-14 16:11:05,SOLUSDT,bid,146,67076.0
2024-08-14 16:11:05,SOLUSDT,bid,146,67080.0
2024-08-14 16:11:05,SOLUSDT,bid,146,67106.0
2024-08-14 16:11:05,SOLUSDT,bid,146,67101.0
2024-08-14 16:11:05,SOLUSDT,bid,146,67102.0
2024-08-14 16:11:05,SOLUSDT,bid,146,67068.0
2024-08-14 16:11:06,SOLUSDT,bid,146,67069.0
2024-08-14 16:11:06,SOLUSDT,bid,146,67098.0
2024-08-14 16:11:06,SOLUSDT,bid,146,67106.0
2024-08-14 16:11:06,SOLUSDT,bid,146,66965.0
2024-08-14 16:11:06,SOLUSDT,bid,146,66953.0
2024-08-14 16:11:06,SOLUSDT,bid,146,66934.0
2024-08-14 16:11:07,SOLUSDT,bid,146,66951.0
2024-08-14 16:11:07,SOLUSDT,bid,146,66950.0
2024-08-14 16:11:07,SOLUSDT,bid,146,66964.0
2024-08-14 16:11:07,SOLUSDT,bid,146,66964.0
2024-08-14 16:11:07,SOLUSDT,bid,146,66965.0
2024-08-14 16:11:08,SOLUSDT,bid,146,66964.0
2024-08-14 16:11:08,SOLUSDT,bid,146,66723.0
2024-08-14 16:11:08,SOLUSDT,bid,146,66724.0
2024-08-14 16:11:08,SOLUSDT,bid,146,66729.0
2024-08-14 16:11:09,SOLUSDT,bid,146,66683.0
2024-08-14 16:11:09,SOLUSDT,bid,146,66710.0
2024-08-14 16:11:09,SOLUSDT,bid,146,66709.0
2024-08-14 16:11:09,SOLUSDT,bid,146,66722.0
2024-08-14 16:11:09,SOLUSDT,bid,146,66725.0
2024-08-14 16:11:09,SOLUSDT,bid,146,66701.0
2024-08-14 16:11:10,SOLUSDT,bid,146,66697.0
2024-08-14 16:11:10,SOLUSDT,bid,146,66696.0
2024-08-14 16:11:10,SOLUSDT,bid,146,66841.0
2024-08-14 16:11:10,SOLUSDT,bid,146,66841.0
2024-08-14 16:11:10,SOLUSDT,bid,146,66859.0
2024-08-14 16:11:10,SOLUSDT,bid,146,66896.0
2024-08-14 16:11:10,SOLUSDT,bid,146,66855.0
2024-08-14 16:11:11,SOLUSDT,bid,146,66838.0
2024-08-14 16:11:11,SOLUSDT,bid,146,66841.0
2024-08-14 16:11:11,SOLUSDT,bid,146,66851.0
2024-08-14 16:11:11,SOLUSDT,bid,146,66843.0
2024-08-14 16:11:11,SOLUSDT,bid,146,66865.0
2024-08-14 16:11:11,SOLUSDT,bid,146,66862.0
2024-08-14 16:11:12,SOLUSDT,bid,146,66837.0
2024-08-14 16:11:12,SOLUSDT,bid,146,66817.0
2024-08-14 16:11:12,SOLUSDT,bid,146,66804.0
2024-08-14 16:11:13,SOLUSDT,bid,146,66817.0
2024-08-14 16:11:13,SOLUSDT,bid,146,66792.0
2024-08-14 16:11:14,SOLUSDT,bid,146,66782.0
2024-08-14 16:11:14,SOLUSDT,bid,146,66772.0
2024-08-14 16:11:15,SOLUSDT,bid,146,66764.0
2024-08-14 16:11:15,SOLUSDT,bid,146,66739.0
2024-08-14 16:11:16,SOLUSDT,bid,146,66711.0
2024-08-14 16:11:16,SOLUSDT,bid,146,66700.0
2024-08-14 16:11:17,SOLUSDT,bid,146,66680.0
2024-08-14 16:11:17,SOLUSDT,bid,146,66652.0
2024-08-14 16:11:18,SOLUSDT,bid,146,66651.0
2024-08-14 16:11:18,SOLUSDT,bid,146,66624.0
2024-08-14 16:11:19,SOLUSDT,bid,146,66627.0
2024-08-14 16:11:19,SOLUSDT,bid,146,66600.0
2024-08-14 16:11:19,SOLUSDT,bid,146,66599.0
2024-08-14 16:11:20,SOLUSDT,bid,146,66597.0
2024-08-14 16:11:20,SOLUSDT,bid,146,66567.0
2024-08-14 16:11:20,SOLUSDT,bid,146,66572.0
2024-08-14 16:11:20,SOLUSDT,bid,146,66567.0
2024-08-14 16:11:21,SOLUSDT,bid,146,66572.0
2024-08-14 16:11:21,SOLUSDT,bid,146,66562.0
2024-08-14 16:11:21,SOLUSDT,bid,146,66557.0
2024-08-14 16:11:22,SOLUSDT,bid,146,66607.0
2024-08-14 16:11:22,SOLUSDT,bid,146,66654.0
2024-08-14 16:11:22,SOLUSDT,bid,146,66682.0
2024-08-14 16:11:22,SOLUSDT,bid,146,66565.0
2024-08-14 16:11:23,SOLUSDT,bid,146,66566.0
2024-08-14 16:11:24,SOLUSDT,bid,146,66557.0
2024-08-14 16:11:24,SOLUSDT,bid,146,66509.0
2024-08-14 16:11:25,SOLUSDT,bid,146,66481.0
2024-08-14 16:11:26,SOLUSDT,bid,146,66486.0
2024-08-14 16:11:26,SOLUSDT,bid,146,66481.0
2024-08-14 16:11:27,SOLUSDT,bid,146,66486.0
2024-08-14 16:11:27,SOLUSDT,bid,146,66481.0
2024-08-14 16:11:28,SOLUSDT,bid,146,66486.0
2024-08-14 16:11:28,SOLUSDT,bid,146,66481.0
2024-08-14 16:11:28,SOLUSDT,bid,146,66483.0
2024-08-14 16:11:29,SOLUSDT,bid,146,66480.0
2024-08-14 16:11:29,SOLUSDT,bid,146,66479.0
2024-08-14 16:11:31,SOLUSDT,bid,146,66477.0
2024-08-14 16:11:32,SOLUSDT,bid,146,66474.0
2024-08-14 16:11:32,SOLUSDT,bid,146,66466.0
2024-08-14 16:11:33,SOLUSDT,bid,146,66466.0
2024-08-14 16:11:33,SOLUSDT,bid,146,66316.0
2024-08-14 16:11:34,SOLUSDT,bid,146,66005.0
2024-08-14 16:11:34,SOLUSDT,bid,146,66006.0
2024-08-14 16:11:34,SOLUSDT,bid,146,66008.0
2024-08-14 16:11:35,SOLUSDT,bid,146,66010.0
2024-08-14 16:11:35,SOLUSDT,bid,146,66005.0
2024-08-14 16:11:35,SOLUSDT,bid,146,66008.0
2024-08-14 16:11:35,SOLUSDT,bid,146,65903.0
2024-08-14 16:11:35,SOLUSDT,bid,146,65867.0
2024-08-14 16:11:36,SOLUSDT,bid,146,65873.0
2024-08-14 16:11:37,SOLUSDT,bid,146,65596.0
2024-08-14 16:11:37,SOLUSDT,bid,146,65491.0
2024-08-14 16:11:37,SOLUSDT,bid,146,65491.0
2024-08-14 16:11:37,SOLUSDT,bid,146,65435.0
2024-08-14 16:11:37,SOLUSDT,bid,146,65434.0
2024-08-14 16:11:37,SOLUSDT,bid,146,65448.0
2024-08-14 16:11:38,SOLUSDT,bid,146,65513.0
2024-08-14 16:11:38,SOLUSDT,bid,146,65449.0
2024-08-14 16:11:39,SOLUSDT,bid,146,65451.0
2024-08-14 16:11:39,SOLUSDT,bid,146,65453.0
2024-08-14 16:11:40,SOLUSDT,bid,146,65453.0
2024-08-14 16:11:40,SOLUSDT,bid,146,65456.0
2024-08-14 16:11:40,SOLUSDT,bid,146,65457.0
2024-08-14 16:11:40,SOLUSDT,bid,146,65455.0
2024-08-14 16:11:40,SOLUSDT,bid,146,65457.0
2024-08-14 16:11:40,SOLUSDT,bid,146,65349.0
2024-08-14 16:11:41,SOLUSDT,bid,146,65349.0
2024-08-14 16:11:41,SOLUSDT,bid,146,65346.0
2024-08-14 16:11:41,SOLUSDT,bid,146,65345.0
2024-08-14 16:11:41,SOLUSDT,bid,146,65344.0
2024-08-14 16:11:42,SOLUSDT,bid,146,65354.0
2024-08-14 16:11:42,SOLUSDT,bid,146,65337.0
2024-08-14 16:11:42,SOLUSDT,bid,146,65334.0
2024-08-14 16:11:42,SOLUSDT,bid,146,65337.0
2024-08-14 16:11:42,SOLUSDT,bid,146,65334.0
2024-08-14 16:11:42,SOLUSDT,bid,146,65337.0
2024-08-14 16:11:42,SOLUSDT,bid,146,65334.0
2024-08-14 16:11:43,SOLUSDT,bid,146,65337.0
2024-08-14 16:11:43,SOLUSDT,bid,146,65337.0
2024-08-14 16:11:43,SOLUSDT,bid,146,65334.0
2024-08-14 16:11:43,SOLUSDT,bid,146,65337.0
2024-08-14 16:11:43,SOLUSDT,bid,146,65334.0
2024-08-14 16:11:43,SOLUSDT,bid,146,65334.0
2024-08-14 16:11:44,SOLUSDT,bid,146,65334.0
2024-08-14 16:11:44,SOLUSDT,bid,146,65328.0
2024-08-14 16:11:44,SOLUSDT,bid,146,65268.0
2024-08-14 16:11:44,SOLUSDT,bid,146,65273.0
2024-08-14 16:11:45,SOLUSDT,bid,146,65326.0
2024-08-14 16:11:45,SOLUSDT,bid,146,65323.0
2024-08-14 16:11:46,SOLUSDT,bid,146,65323.0
2024-08-14 16:11:46,SOLUSDT,bid,146,65316.0
2024-08-14 16:11:46,SOLUSDT,bid,146,65264.0
2024-08-14 16:11:46,SOLUSDT,bid,146,65261.0
2024-08-14 16:11:46,SOLUSDT,bid,146,65249.0
2024-08-14 16:11:46,SOLUSDT,bid,146,65252.0
2024-08-14 16:11:47,SOLUSDT,bid,146,65249.0
2024-08-14 16:11:47,SOLUSDT,bid,146,65193.0
2024-08-14 16:11:47,SOLUSDT,bid,146,65200.0
2024-08-14 16:11:47,SOLUSDT,bid,146,65198.0
2024-08-14 16:11:47,SOLUSDT,bid,146,65197.0
2024-08-14 16:11:47,SOLUSDT,bid,146,65197.0
2024-08-14 16:11:47,SOLUSDT,bid,146,65200.0
2024-08-14 16:11:48,SOLUSDT,bid,146,65197.0
2024-08-14 16:11:48,SOLUSDT,bid,146,65189.0
2024-08-14 16:11:48,SOLUSDT,bid,146,65189.0
2024-08-14 16:11:48,SOLUSDT,bid,146,64709.0
2024-08-14 16:11:48,SOLUSDT,bid,146,64704.0
2024-08-14 16:11:48,SOLUSDT,bid,146,64700.0
2024-08-14 16:11:48,SOLUSDT,bid,146,63988.0
2024-08-14 16:11:49,SOLUSDT,bid,146,63988.0
2024-08-14 16:11:49,SOLUSDT,bid,146,63988.0
2024-08-14 16:11:49,SOLUSDT,bid,146,63951.0
2024-08-14 16:11:49,SOLUSDT,bid,146,63939.0
2024-08-14 16:11:49,SOLUSDT,bid,146,63939.0
2024-08-14 16:11:49,SOLUSDT,bid,146,63940.0
2024-08-14 16:11:49,SOLUSDT,bid,146,63936.0
2024-08-14 16:11:49,SOLUSDT,bid,146,63935.0
2024-08-14 16:11:50,SOLUSDT,bid,146,63937.0
2024-08-14 16:11:50,SOLUSDT,bid,146,63938.0
2024-08-14 16:11:50,SOLUSDT,bid,146,63962.0
2024-08-14 16:11:50,SOLUSDT,bid,146,63945.0
2024-08-14 16:11:50,SOLUSDT,bid,146,63933.0
2024-08-14 16:11:50,SOLUSDT,bid,146,64067.0
2024-08-14 16:11:50,SOLUSDT,bid,146,64066.0
2024-08-14 16:11:50,SOLUSDT,bid,146,64066.0
2024-08-14 16:11:50,SOLUSDT,bid,146,64059.0
2024-08-14 16:11:50,SOLUSDT,bid,146,64056.0
2024-08-14 16:11:51,SOLUSDT,bid,146,64056.0
2024-08-14 16:11:51,SOLUSDT,bid,146,63921.0
2024-08-14 16:11:51,SOLUSDT,bid,146,63920.0
2024-08-14 16:11:51,SOLUSDT,bid,146,63923.0
2024-08-14 16:11:51,SOLUSDT,bid,146,63923.0
2024-08-14 16:11:51,SOLUSDT,bid,146,63920.0
2024-08-14 16:11:51,SOLUSDT,bid,146,63918.0
2024-08-14 16:11:52,SOLUSDT,bid,146,63918.0
2024-08-14 16:11:52,SOLUSDT,bid,146,63918.0
2024-08-14 16:11:52,SOLUSDT,bid,146,63918.0
2024-08-14 16:11:53,SOLUSDT,bid,146,63918.0
2024-08-14 16:11:54,SOLUSDT,bid,146,63911.0
2024-08-14 16:11:54,SOLUSDT,bid,146,63922.0
2024-08-14 16:11:54,SOLUSDT,bid,146,63922.0
2024-08-14 16:11:55,SOLUSDT,bid,146,63932.0
2024-08-14 16:11:55,SOLUSDT,bid,146,63933.0
2024-08-14 16:11:56,SOLUSDT,bid,146,63983.0
2024-08-14 16:11:56,SOLUSDT,bid,146,63973.0
2024-08-14 16:11:59,SOLUSDT,bid,146,63975.0
2024-08-14 16:11:59,SOLUSDT,bid,146,63925.0
2024-08-14 16:12:00,SOLUSDT,bid,146,63923.0
2024-08-14 16:12:01,SOLUSDT,bid,146,63911.0
2024-08-14 16:12:01,SOLUSDT,bid,146,63935.0
2024-08-14 16:12:01,SOLUSDT,bid,146,63936.0
2024-08-14 16:12:03,SOLUSDT,bid,146,63935.0
2024-08-14 16:12:03,SOLUSDT,bid,146,63912.0
2024-08-14 16:12:03,SOLUSDT,bid,146,63912.0
2024-08-14 16:12:03,SOLUSDT,bid,146,63917.0
2024-08-14 16:12:03,SOLUSDT,bid,146,63912.0
2024-08-14 16:12:05,SOLUSDT,bid,146,63915.0
2024-08-14 16:12:05,SOLUSDT,bid,146,63915.0
2024-08-14 16:12:05,SOLUSDT,bid,146,63912.0
2024-08-14 16:12:05,SOLUSDT,bid,146,63913.0
2024-08-14 16:12:05,SOLUSDT,bid,146,64049.0
2024-08-14 16:12:06,SOLUSDT,bid,146,63772.0
2024-08-14 16:12:06,SOLUSDT,bid,146,63767.0
2024-08-14 16:12:06,SOLUSDT,bid,146,63763.0
2024-08-14 16:12:06,SOLUSDT,bid,146,63673.0
2024-08-14 16:12:06,SOLUSDT,bid,146,63656.0
2024-08-14 16:12:07,SOLUSDT,bid,146,63656.0
2024-08-14 16:12:07,SOLUSDT,bid,146,63652.0
2024-08-14 16:12:07,SOLUSDT,bid,146,63660.0
2024-08-14 16:12:07,SOLUSDT,bid,146,63661.0
2024-08-14 16:12:07,SOLUSDT,bid,146,63658.0
2024-08-14 16:12:07,SOLUSDT,bid,146,63659.0
2024-08-14 16:12:08,SOLUSDT,bid,146,63590.0
2024-08-14 16:12:08,SOLUSDT,bid,146,63593.0
2024-08-14 16:12:08,SOLUSDT,bid,146,63594.0
2024-08-14 16:12:08,SOLUSDT,bid,146,63588.0
2024-08-14 16:12:09,SOLUSDT,bid,146,63589.0
2024-08-14 16:12:09,SOLUSDT,bid,146,63589.0
2024-08-14 16:12:09,SOLUSDT,bid,146,63587.0
2024-08-14 16:12:09,SOLUSDT,bid,146,63581.0
2024-08-14 16:12:10,SOLUSDT,bid,146,63580.0
2024-08-14 16:12:10,SOLUSDT,bid,146,63581.0
2024-08-14 16:12:10,SOLUSDT,bid,146,63567.0
2024-08-14 16:12:10,SOLUSDT,bid,146,63569.0
2024-08-14 16:12:10,SOLUSDT,bid,146,63566.0
2024-08-14 16:12:11,SOLUSDT,bid,146,63567.0
2024-08-14 16:12:11,SOLUSDT,bid,146,63569.0
2024-08-14 16:12:12,SOLUSDT,bid,146,63572.0
2024-08-14 16:12:13,SOLUSDT,bid,146,63555.0
2024-08-14 16:12:13,SOLUSDT,bid,146,63553.0
2024-08-14 16:12:13,SOLUSDT,bid,146,63347.0
2024-08-14 16:12:14,SOLUSDT,bid,146,63320.0
2024-08-14 16:12:14,SOLUSDT,bid,146,63323.0
2024-08-14 16:12:14,SOLUSDT,bid,146,63323.0
2024-08-14 16:12:14,SOLUSDT,bid,146,63319.0
2024-08-14 16:12:14,SOLUSDT,bid,146,63323.0
2024-08-14 16:12:14,SOLUSDT,bid,146,63303.0
2024-08-14 16:12:15,SOLUSDT,bid,146,63289.0
2024-08-14 16:12:15,SOLUSDT,bid,146,63276.0
2024-08-14 16:12:15,SOLUSDT,bid,146,63235.0
2024-08-14 16:12:15,SOLUSDT,bid,146,63174.0
2024-08-14 16:12:15,SOLUSDT,bid,146,63172.0
2024-08-14 16:12:15,SOLUSDT,bid,146,63088.0
2024-08-14 16:12:15,SOLUSDT,bid,146,63097.0
2024-08-14 16:12:16,SOLUSDT,bid,146,63097.0
2024-08-14 16:12:16,SOLUSDT,bid,146,63096.0
2024-08-14 16:12:16,SOLUSDT,bid,146,63097.0
2024-08-14 16:12:16,SOLUSDT,bid,146,63096.0
2024-08-14 16:12:17,SOLUSDT,bid,146,63098.0
2024-08-14 16:12:17,SOLUSDT,bid,146,63097.0
2024-08-14 16:12:17,SOLUSDT,bid,146,63098.0
2024-08-14 16:12:17,SOLUSDT,bid,146,62951.0
2024-08-14 16:12:18,SOLUSDT,bid,146,62911.0
2024-08-14 16:12:18,SOLUSDT,bid,146,60538.0
2024-08-14 16:12:18,SOLUSDT,bid,146,60349.0
2024-08-14 16:12:18,SOLUSDT,bid,146,60348.0
2024-08-14 16:12:18,SOLUSDT,bid,146,60347.0
2024-08-14 16:12:19,SOLUSDT,bid,146,60387.0
2024-08-14 16:12:19,SOLUSDT,bid,146,60359.0
2024-08-14 16:12:19,SOLUSDT,bid,146,60360.0
2024-08-14 16:12:19,SOLUSDT,bid,146,60276.0
2024-08-14 16:12:20,SOLUSDT,bid,146,60273.0
2024-08-14 16:12:20,SOLUSDT,bid,146,60320.0
2024-08-14 16:12:20,SOLUSDT,bid,146,60273.0
2024-08-14 16:12:20,SOLUSDT,bid,146,60271.0
2024-08-14 16:12:20,SOLUSDT,bid,146,60330.0
2024-08-14 16:12:21,SOLUSDT,bid,146,60312.0
2024-08-14 16:12:21,SOLUSDT,bid,146,60307.0
2024-08-14 16:12:21,SOLUSDT,bid,146,60305.0
2024-08-14 16:12:22,SOLUSDT,bid,146,60305.0
2024-08-14 16:12:22,SOLUSDT,bid,146,60318.0
2024-08-14 16:12:22,SOLUSDT,bid,146,60318.0
2024-08-14 16:12:22,SOLUSDT,bid,146,60316.0
2024-08-14 16:12:22,SOLUSDT,bid,146,60303.0
2024-08-14 16:12:23,SOLUSDT,bid,146,60297.0
2024-08-14 16:12:24,SOLUSDT,bid,146,60287.0
2024-08-14 16:12:24,SOLUSDT,bid,146,60292.0
2024-08-14 16:12:24,SOLUSDT,bid,146,60288.0
2024-08-14 16:12:24,SOLUSDT,bid,146,60289.0
2024-08-14 16:12:24,SOLUSDT,bid,146,60284.0
2024-08-14 16:12:25,SOLUSDT,bid,146,60281.0
2024-08-14 16:12:26,SOLUSDT,bid,146,60277.0
2024-08-14 16:12:26,SOLUSDT,bid,146,60274.0
2024-08-14 16:12:27,SOLUSDT,bid,146,60271.0
2024-08-14 16:12:28,SOLUSDT,bid,146,60268.0
2024-08-14 16:12:29,SOLUSDT,bid,146,60267.0
2024-08-14 16:12:29,SOLUSDT,bid,146,60265.0
2024-08-14 16:12:29,SOLUSDT,bid,146,60261.0
2024-08-14 16:12:31,SOLUSDT,bid,146,60263.0
2024-08-14 16:12:32,SOLUSDT,bid,146,60260.0
2024-08-14 16:12:32,SOLUSDT,bid,146,60263.0
2024-08-14 16:12:33,SOLUSDT,bid,146,60268.0
2024-08-14 16:12:33,SOLUSDT,bid,146,60263.0
2024-08-14 16:12:33,SOLUSDT,bid,146,60260.0
2024-08-14 16:12:33,SOLUSDT,bid,146,60263.0
2024-08-14 16:12:33,SOLUSDT,bid,146,60265.0
2024-08-14 16:12:33,SOLUSDT,bid,146,60260.0
2024-08-14 16:12:34,SOLUSDT,bid,146,60260.0
2024-08-14 16:12:34,SOLUSDT,bid,146,60260.0
2024-08-14 16:12:34,SOLUSDT,bid,146,60282.0
2024-08-14 16:12:34,SOLUSDT,bid,146,60281.0
2024-08-14 16:12:34,SOLUSDT,bid,146,60281.0
2024-08-14 16:12:35,SOLUSDT,bid,146,60281.0
2024-08-14 16:12:35,SOLUSDT,bid,146,60291.0
2024-08-14 16:12:35,SOLUSDT,bid,146,60301.0
2024-08-14 16:12:36,SOLUSDT,bid,146,60281.0
2024-08-14 16:12:37,SOLUSDT,bid,146,60417.0
2024-08-14 16:12:37,SOLUSDT,bid,146,60395.0
2024-08-14 16:12:38,SOLUSDT,bid,146,60400.0
2024-08-14 16:12:38,SOLUSDT,bid,146,60395.0
2024-08-14 16:12:38,SOLUSDT,bid,146,60400.0
2024-08-14 16:12:38,SOLUSDT,bid,146,60395.0
2024-08-14 16:12:39,SOLUSDT,bid,146,60259.0
2024-08-14 16:12:39,SOLUSDT,bid,146,60259.0
2024-08-14 16:12:39,SOLUSDT,bid,146,60259.0
2024-08-14 16:12:40,SOLUSDT,bid,146,60261.0
2024-08-14 16:12:40,SOLUSDT,bid,146,60259.0
2024-08-14 16:12:40,SOLUSDT,bid,146,60262.0
2024-08-14 16:12:40,SOLUSDT,bid,146,60262.0
2024-08-14 16:12:40,SOLUSDT,bid,146,60259.0
2024-08-14 16:12:41,SOLUSDT,bid,146,60271.0
2024-08-14 16:12:41,SOLUSDT,bid,146,60258.0
2024-08-14 16:12:42,SOLUSDT,bid,146,60285.0
2024-08-14 16:12:43,SOLUSDT,bid,146,60285.0
2024-08-14 16:12:43,SOLUSDT,bid,146,60275.0
2024-08-14 16:12:43,SOLUSDT,bid,146,60274.0
2024-08-14 16:12:43,SOLUSDT,bid,146,60279.0
2024-08-14 16:12:43,SOLUSDT,bid,146,60274.0
2024-08-14 16:12:43,SOLUSDT,bid,146,60274.0
2024-08-14 16:12:43,SOLUSDT,bid,146,60284.0
2024-08-14 16:12:43,SOLUSDT,bid,146,60274.0
2024-08-14 16:12:44,SOLUSDT,bid,146,60287.0
2024-08-14 16:12:44,SOLUSDT,bid,146,60274.0
2024-08-14 16:12:44,SOLUSDT,bid,146,60276.0
2024-08-14 16:12:45,SOLUSDT,bid,146,60281.0
2024-08-14 16:12:45,SOLUSDT,bid,146,60276.0
2024-08-14 16:12:45,SOLUSDT,bid,146,60381.0
2024-08-14 16:12:45,SOLUSDT,bid,146,60371.0
2024-08-14 16:12:47,SOLUSDT,bid,146,60373.0
2024-08-14 16:12:47,SOLUSDT,bid,146,60371.0
2024-08-14 16:12:48,SOLUSDT,bid,146,60374.0
2024-08-14 16:12:48,SOLUSDT,bid,146,60371.0
2024-08-14 16:12:48,SOLUSDT,bid,146,60374.0
2024-08-14 16:12:48,SOLUSDT,bid,146,60371.0
2024-08-14 16:12:49,SOLUSDT,bid,146,60376.0
2024-08-14 16:12:49,SOLUSDT,bid,146,60374.0
2024-08-14 16:12:50,SOLUSDT,bid,146,60371.0
2024-08-14 16:12:50,SOLUSDT,bid,146,60393.0
2024-08-14 16:12:50,SOLUSDT,bid,146,60371.0
2024-08-14 16:12:50,SOLUSDT,bid,146,60376.0
2024-08-14 16:12:50,SOLUSDT,bid,146,60378.0
2024-08-14 16:12:51,SOLUSDT,bid,146,60373.0
2024-08-14 16:12:51,SOLUSDT,bid,146,60372.0
2024-08-14 16:12:51,SOLUSDT,bid,146,60382.0
2024-08-14 16:12:52,SOLUSDT,bid,146,60372.0
2024-08-14 16:12:52,SOLUSDT,bid,146,60372.0
2024-08-14 16:12:52,SOLUSDT,bid,146,60377.0
2024-08-14 16:12:52,SOLUSDT,bid,146,60372.0
2024-08-14 16:12:52,SOLUSDT,bid,146,60377.0
2024-08-14 16:12:53,SOLUSDT,bid,146,60377.0
2024-08-14 16:12:54,SOLUSDT,bid,146,60372.0
2024-08-14 16:12:54,SOLUSDT,bid,146,60377.0
2024-08-14 16:12:55,SOLUSDT,bid,146,60372.0
2024-08-14 16:12:55,SOLUSDT,bid,146,60369.0
2024-08-14 16:12:56,SOLUSDT,bid,146,60384.0
2024-08-14 16:12:56,SOLUSDT,bid,146,60374.0
2024-08-14 16:12:56,SOLUSDT,bid,146,60369.0
2024-08-14 16:12:56,SOLUSDT,bid,146,60386.0
2024-08-14 16:12:56,SOLUSDT,bid,146,60386.0
2024-08-14 16:12:56,SOLUSDT,bid,146,60389.0
2024-08-14 16:12:56,SOLUSDT,bid,146,60386.0
2024-08-14 16:12:57,SOLUSDT,bid,146,60386.0
2024-08-14 16:12:58,SOLUSDT,bid,146,60391.0
2024-08-14 16:12:58,SOLUSDT,bid,146,60386.0
2024-08-14 16:12:58,SOLUSDT,bid,146,60386.0
2024-08-14 16:12:59,SOLUSDT,bid,146,60386.0
2024-08-14 16:13:00,SOLUSDT,bid,146,60386.0
2024-08-14 16:13:00,SOLUSDT,bid,146,60389.0
2024-08-14 16:13:00,SOLUSDT,bid,146,60522.0
2024-08-14 16:13:01,SOLUSDT,bid,146,60525.0
2024-08-14 16:13:01,SOLUSDT,bid,146,60522.0
2024-08-14 16:13:01,SOLUSDT,bid,146,60525.0
2024-08-14 16:13:01,SOLUSDT,bid,146,60522.0
2024-08-14 16:13:01,SOLUSDT,bid,146,60527.0
2024-08-14 16:13:02,SOLUSDT,bid,146,60527.0
2024-08-14 16:13:02,SOLUSDT,bid,146,60522.0
2024-08-14 16:13:03,SOLUSDT,bid,146,60527.0
2024-08-14 16:13:03,SOLUSDT,bid,146,60522.0
2024-08-14 16:13:03,SOLUSDT,bid,146,60522.0
2024-08-14 16:13:03,SOLUSDT,bid,146,60522.0
2024-08-14 16:13:04,SOLUSDT,bid,146,60364.0
2024-08-14 16:13:04,SOLUSDT,bid,146,60344.0
2024-08-14 16:13:04,SOLUSDT,bid,146,60208.0
2024-08-14 16:13:04,SOLUSDT,bid,146,60208.0
2024-08-14 16:13:04,SOLUSDT,bid,146,60213.0
2024-08-14 16:13:05,SOLUSDT,bid,146,60208.0
2024-08-14 16:13:05,SOLUSDT,bid,146,60211.0
2024-08-14 16:13:06,SOLUSDT,bid,146,60211.0
2024-08-14 16:13:06,SOLUSDT,bid,146,60211.0
2024-08-14 16:13:07,SOLUSDT,bid,146,60216.0
2024-08-14 16:13:08,SOLUSDT,bid,146,60211.0
2024-08-14 16:13:09,SOLUSDT,bid,146,60211.0
2024-08-14 16:13:11,SOLUSDT,bid,146,60214.0
2024-08-14 16:13:11,SOLUSDT,bid,146,60211.0
2024-08-14 16:13:12,SOLUSDT,bid,146,60216.0
2024-08-14 16:13:12,SOLUSDT,bid,146,60211.0
2024-08-14 16:13:12,SOLUSDT,bid,146,60211.0
2024-08-14 16:13:13,SOLUSDT,bid,146,60216.0
2024-08-14 16:13:13,SOLUSDT,bid,146,60211.0
2024-08-14 16:13:13,SOLUSDT,bid,146,60214.0
2024-08-14 16:13:14,SOLUSDT,bid,146,60211.0
2024-08-14 16:13:14,SOLUSDT,bid,146,60217.0
2024-08-14 16:13:15,SOLUSDT,bid,146,60212.0
2024-08-14 16:13:16,SOLUSDT,bid,146,60215.0
2024-08-14 16:13:17,SOLUSDT,bid,146,60212.0
2024-08-14 16:13:18,SOLUSDT,bid,146,60271.0
2024-08-14 16:13:21,SOLUSDT,bid,146,60269.0
2024-08-14 16:13:22,SOLUSDT,bid,146,60405.0
2024-08-14 16:13:22,SOLUSDT,bid,146,60268.0
2024-08-14 16:13:23,SOLUSDT,bid,146,60287.0
2024-08-14 16:13:23,SOLUSDT,bid,146,60282.0
2024-08-14 16:13:25,SOLUSDT,bid,146,60268.0
2024-08-14 16:13:25,SOLUSDT,bid,146,60281.0
2024-08-14 16:13:25,SOLUSDT,bid,146,60268.0
2024-08-14 16:13:28,SOLUSDT,bid,146,60268.0
2024-08-14 16:13:28,SOLUSDT,bid,146,60271.0
2024-08-14 16:13:28,SOLUSDT,bid,146,60268.0
2024-08-14 16:13:28,SOLUSDT,bid,146,60265.0
2024-08-14 16:13:29,SOLUSDT,bid,146,60270.0
2024-08-14 16:13:29,SOLUSDT,bid,146,60265.0
2024-08-14 16:13:29,SOLUSDT,bid,146,60268.0
2024-08-14 16:13:29,SOLUSDT,bid,146,60265.0
2024-08-14 16:13:30,SOLUSDT,bid,146,60265.0
2024-08-14 16:13:30,SOLUSDT,bid,146,60270.0
2024-08-14 16:13:31,SOLUSDT,bid,146,60265.0
2024-08-14 16:13:31,SOLUSDT,bid,146,60268.0
2024-08-14 16:13:31,SOLUSDT,bid,146,60265.0
2024-08-14 16:13:31,SOLUSDT,bid,146,60215.0
2024-08-14 16:13:33,SOLUSDT,bid,146,60029.0
2024-08-14 16:13:33,SOLUSDT,bid,146,59605.0
2024-08-14 16:13:33,SOLUSDT,bid,146,59609.0
2024-08-14 16:13:34,SOLUSDT,bid,146,59555.0
2024-08-14 16:13:34,SOLUSDT,bid,146,59555.0
2024-08-14 16:13:34,SOLUSDT,bid,146,59572.0
2024-08-14 16:13:34,SOLUSDT,bid,146,59568.0
2024-08-14 16:13:34,SOLUSDT,bid,146,59568.0
2024-08-14 16:13:34,SOLUSDT,bid,146,59574.0
2024-08-14 16:13:34,SOLUSDT,bid,146,59568.0
2024-08-14 16:13:34,SOLUSDT,bid,146,59571.0
2024-08-14 16:13:35,SOLUSDT,bid,146,59707.0
2024-08-14 16:13:35,SOLUSDT,bid,146,59707.0
2024-08-14 16:13:35,SOLUSDT,bid,146,59710.0
2024-08-14 16:13:35,SOLUSDT,bid,146,59707.0
2024-08-14 16:13:35,SOLUSDT,bid,146,59562.0
2024-08-14 16:13:35,SOLUSDT,bid,146,59563.0
2024-08-14 16:13:36,SOLUSDT,bid,146,59506.0
2024-08-14 16:13:36,SOLUSDT,bid,146,59506.0
2024-08-14 16:13:36,SOLUSDT,bid,146,59506.0
2024-08-14 16:13:37,SOLUSDT,bid,146,59486.0
2024-08-14 16:13:37,SOLUSDT,bid,146,59488.0
2024-08-14 16:13:37,SOLUSDT,bid,146,59489.0
2024-08-14 16:13:37,SOLUSDT,bid,146,59447.0
2024-08-14 16:13:37,SOLUSDT,bid,146,59444.0
2024-08-14 16:13:37,SOLUSDT,bid,146,59443.0
2024-08-14 16:13:38,SOLUSDT,bid,146,59442.0
2024-08-14 16:13:38,SOLUSDT,bid,146,59444.0
2024-08-14 16:13:38,SOLUSDT,bid,146,59443.0
2024-08-14 16:13:39,SOLUSDT,bid,146,59388.0
2024-08-14 16:13:39,SOLUSDT,bid,146,59390.0
2024-08-14 16:13:39,SOLUSDT,bid,146,59373.0
2024-08-14 16:13:40,SOLUSDT,bid,146,59322.0
2024-08-14 16:13:40,SOLUSDT,bid,146,59316.0
2024-08-14 16:13:40,SOLUSDT,bid,146,59312.0
2024-08-14 16:13:40,SOLUSDT,bid,146,59314.0
2024-08-14 16:13:40,SOLUSDT,bid,146,59312.0
2024-08-14 16:13:40,SOLUSDT,bid,146,59313.0
2024-08-14 16:13:41,SOLUSDT,bid,146,56707.0
2024-08-14 16:13:41,SOLUSDT,bid,146,56711.0
2024-08-14 16:13:41,SOLUSDT,bid,146,56692.0
2024-08-14 16:13:41,SOLUSDT,bid,146,56694.0
2024-08-14 16:13:41,SOLUSDT,bid,146,56691.0
2024-08-14 16:13:41,SOLUSDT,bid,146,56690.0
2024-08-14 16:13:41,SOLUSDT,bid,146,56680.0
2024-08-14 16:13:41,SOLUSDT,bid,146,56683.0
2024-08-14 16:13:41,SOLUSDT,bid,146,56680.0
2024-08-14 16:13:43,SOLUSDT,bid,146,56335.0
2024-08-14 16:13:43,SOLUSDT,bid,146,56343.0
2024-08-14 16:13:43,SOLUSDT,bid,146,56345.0
2024-08-14 16:13:43,SOLUSDT,bid,146,56343.0
2024-08-14 16:13:44,SOLUSDT,bid,146,56314.0
2024-08-14 16:13:44,SOLUSDT,bid,146,56312.0
2024-08-14 16:13:44,SOLUSDT,bid,146,56294.0
2024-08-14 16:13:44,SOLUSDT,bid,146,56292.0
2024-08-14 16:13:44,SOLUSDT,bid,146,56265.0
2024-08-14 16:13:44,SOLUSDT,bid,146,56241.0
2024-08-14 16:13:44,SOLUSDT,bid,146,56237.0
2024-08-14 16:13:45,SOLUSDT,bid,146,56235.0
2024-08-14 16:13:45,SOLUSDT,bid,146,56237.0
2024-08-14 16:13:46,SOLUSDT,bid,146,56243.0
2024-08-14 16:13:46,SOLUSDT,bid,146,56161.0
2024-08-14 16:13:47,SOLUSDT,bid,146,56157.0
2024-08-14 16:13:47,SOLUSDT,bid,146,56151.0
2024-08-14 16:13:47,SOLUSDT,bid,146,56148.0
2024-08-14 16:13:47,SOLUSDT,bid,146,56147.0
2024-08-14 16:13:47,SOLUSDT,bid,146,56015.0
2024-08-14 16:13:48,SOLUSDT,bid,146,56032.0
2024-08-14 16:13:48,SOLUSDT,bid,146,56032.0
2024-08-14 16:13:48,SOLUSDT,bid,146,56030.0
2024-08-14 16:13:48,SOLUSDT,bid,146,56007.0
2024-08-14 16:13:48,SOLUSDT,bid,146,55996.0
2024-08-14 16:13:48,SOLUSDT,bid,146,55922.0
2024-08-14 16:13:49,SOLUSDT,bid,146,55820.0
2024-08-14 16:13:49,SOLUSDT,bid,146,55774.0
2024-08-14 16:13:49,SOLUSDT,bid,146,55766.0
2024-08-14 16:13:49,SOLUSDT,bid,146,55764.0
2024-08-14 16:13:49,SOLUSDT,bid,146,55514.0
2024-08-14 16:13:49,SOLUSDT,bid,146,55512.0
2024-08-14 16:13:50,SOLUSDT,bid,146,55511.0
2024-08-14 16:13:50,SOLUSDT,bid,146,55510.0
2024-08-14 16:13:50,SOLUSDT,bid,146,55444.0
2024-08-14 16:13:51,SOLUSDT,bid,146,55440.0
2024-08-14 16:13:51,SOLUSDT,bid,146,55439.0
2024-08-14 16:13:52,SOLUSDT,bid,146,55438.0
2024-08-14 16:13:52,SOLUSDT,bid,146,55439.0
2024-08-14 16:13:52,SOLUSDT,bid,146,55438.0
2024-08-14 16:13:52,SOLUSDT,bid,146,55433.0
2024-08-14 16:13:53,SOLUSDT,bid,146,55428.0
2024-08-14 16:13:53,SOLUSDT,bid,146,55428.0
2024-08-14 16:13:53,SOLUSDT,bid,146,55418.0
2024-08-14 16:13:53,SOLUSDT,bid,146,55274.0
2024-08-14 16:13:53,SOLUSDT,bid,146,55158.0
2024-08-14 16:13:53,SOLUSDT,bid,146,55076.0
2024-08-14 16:13:54,SOLUSDT,bid,146,55082.0
2024-08-14 16:13:54,SOLUSDT,bid,146,55077.0
2024-08-14 16:13:54,SOLUSDT,bid,146,55081.0
2024-08-14 16:13:54,SOLUSDT,bid,146,55083.0
2024-08-14 16:13:54,SOLUSDT,bid,146,55101.0
2024-08-14 16:13:54,SOLUSDT,bid,146,55100.0
2024-08-14 16:13:54,SOLUSDT,bid,146,55082.0
2024-08-14 16:13:54,SOLUSDT,bid,146,55064.0
2024-08-14 16:13:54,SOLUSDT,bid,146,55061.0
2024-08-14 16:13:55,SOLUSDT,bid,146,55044.0
2024-08-14 16:13:55,SOLUSDT,bid,146,55045.0
2024-08-14 16:13:56,SOLUSDT,bid,146,55044.0
2024-08-14 16:13:56,SOLUSDT,bid,146,54987.0
2024-08-14 16:13:56,SOLUSDT,bid,146,54946.0
2024-08-14 16:13:57,SOLUSDT,bid,146,54945.0
2024-08-14 16:13:57,SOLUSDT,bid,146,54942.0
2024-08-14 16:13:57,SOLUSDT,bid,146,54944.0
2024-08-14 16:13:57,SOLUSDT,bid,146,54726.0
2024-08-14 16:13:58,SOLUSDT,bid,146,54727.0
2024-08-14 16:13:58,SOLUSDT,bid,146,54707.0
2024-08-14 16:13:58,SOLUSDT,bid,146,54709.0
2024-08-14 16:13:58,SOLUSDT,bid,146,54710.0
2024-08-14 16:13:58,SOLUSDT,bid,146,54704.0
2024-08-14 16:13:58,SOLUSDT,bid,146,54686.0
2024-08-14 16:13:58,SOLUSDT,bid,146,54685.0
2024-08-14 16:13:59,SOLUSDT,bid,146,54685.0
2024-08-14 16:13:59,SOLUSDT,bid,146,54689.0
2024-08-14 16:13:59,SOLUSDT,bid,146,54691.0
2024-08-14 16:13:59,SOLUSDT,bid,146,54672.0
2024-08-14 16:14:00,SOLUSDT,bid,146,53419.0
2024-08-14 16:14:00,SOLUSDT,bid,146,53268.0
2024-08-14 16:14:00,SOLUSDT,bid,146,53230.0
2024-08-14 16:14:00,SOLUSDT,bid,146,53267.0
2024-08-14 16:14:00,SOLUSDT,bid,146,53268.0
2024-08-14 16:14:00,SOLUSDT,bid,146,53231.0
2024-08-14 16:14:00,SOLUSDT,bid,146,53227.0
2024-08-14 16:14:01,SOLUSDT,bid,146,53226.0
2024-08-14 16:14:01,SOLUSDT,bid,146,53218.0
2024-08-14 16:14:01,SOLUSDT,bid,146,53247.0
2024-08-14 16:14:01,SOLUSDT,bid,146,53242.0
2024-08-14 16:14:02,SOLUSDT,bid,146,53095.0
2024-08-14 16:14:02,SOLUSDT,bid,146,53085.0
2024-08-14 16:14:02,SOLUSDT,bid,146,53084.0
2024-08-14 16:14:02,SOLUSDT,bid,146,53082.0
2024-08-14 16:14:02,SOLUSDT,bid,146,53068.0
2024-08-14 16:14:02,SOLUSDT,bid,146,53046.0
2024-08-14 16:14:02,SOLUSDT,bid,146,53038.0
2024-08-14 16:14:03,SOLUSDT,bid,146,53040.0
2024-08-14 16:14:04,SOLUSDT,bid,146,53034.0
2024-08-14 16:14:04,SOLUSDT,bid,146,52953.0
2024-08-14 16:14:04,SOLUSDT,bid,146,52931.0
2024-08-14 16:14:04,SOLUSDT,bid,146,52919.0
2024-08-14 16:14:04,SOLUSDT,bid,146,52920.0
2024-08-14 16:14:04,SOLUSDT,bid,146,52913.0
2024-08-14 16:14:04,SOLUSDT,bid,146,52905.0
2024-08-14 16:14:05,SOLUSDT,bid,146,50994.0
2024-08-14 16:14:06,SOLUSDT,bid,146,50991.0
2024-08-14 16:14:06,SOLUSDT,bid,146,50992.0
2024-08-14 16:14:06,SOLUSDT,bid,146,50942.0
2024-08-14 16:14:06,SOLUSDT,bid,146,50944.0
2024-08-14 16:14:06,SOLUSDT,bid,146,50941.0
2024-08-14 16:14:07,SOLUSDT,bid,146,50937.0
2024-08-14 16:14:07,SOLUSDT,bid,146,50935.0
2024-08-14 16:14:07,SOLUSDT,bid,146,50934.0
2024-08-14 16:14:07,SOLUSDT,bid,146,50974.0
2024-08-14 16:14:08,SOLUSDT,bid,146,50942.0
2024-08-14 16:14:09,SOLUSDT,bid,146,50922.0
2024-08-14 16:14:09,SOLUSDT,bid,146,50920.0
2024-08-14 16:14:09,SOLUSDT,bid,146,50898.0
2024-08-14 16:14:09,SOLUSDT,bid,146,50664.0
2024-08-14 16:14:09,SOLUSDT,bid,146,50641.0
2024-08-14 16:14:10,SOLUSDT,bid,146,50696.0
2024-08-14 16:14:10,SOLUSDT,bid,146,50819.0
2024-08-14 16:14:10,SOLUSDT,bid,146,50881.0
2024-08-14 16:14:10,SOLUSDT,bid,146,50879.0
2024-08-14 16:14:10,SOLUSDT,bid,146,50929.0
2024-08-14 16:14:10,SOLUSDT,bid,146,50879.0
2024-08-14 16:14:11,SOLUSDT,bid,146,50876.0
2024-08-14 16:14:11,SOLUSDT,bid,146,50826.0
2024-08-14 16:14:11,SOLUSDT,bid,146,50876.0
2024-08-14 16:14:13,SOLUSDT,bid,146,50876.0
2024-08-14 16:14:13,SOLUSDT,bid,146,50879.0
2024-08-14 16:14:13,SOLUSDT,bid,146,50879.0
2024-08-14 16:14:13,SOLUSDT,bid,146,50826.0
2024-08-14 16:14:13,SOLUSDT,bid,146,50824.0
2024-08-14 16:14:14,SOLUSDT,bid,146,50827.0
2024-08-14 16:14:14,SOLUSDT,bid,146,50815.0
2024-08-14 16:14:15,SOLUSDT,bid,146,50809.0
2024-08-14 16:14:16,SOLUSDT,bid,146,50811.0
2024-08-14 16:14:16,SOLUSDT,bid,146,50809.0
2024-08-14 16:14:16,SOLUSDT,bid,146,50809.0
2024-08-14 16:14:17,SOLUSDT,bid,146,50810.0
2024-08-14 16:14:18,SOLUSDT,bid,146,50806.0
2024-08-14 16:14:19,SOLUSDT,bid,146,50798.0
2024-08-14 16:14:20,SOLUSDT,bid,146,50795.0
2024-08-14 16:14:20,SOLUSDT,bid,146,50790.0
2024-08-14 16:14:23,SOLUSDT,bid,146,50802.0
2024-08-14 16:14:23,SOLUSDT,bid,146,50777.0
2024-08-14 16:14:26,SOLUSDT,bid,146,50774.0
2024-08-14 16:14:31,SOLUSDT,ask,175,29432.0
2024-08-14 16:14:31,SOLUSDT,ask,176,28977.0
2024-08-14 16:14:31,SOLUSDT,ask,178,35191.0
2024-08-14 16:14:31,SOLUSDT,bid,146,50769.0
2024-08-14 16:14:32,SOLUSDT,bid,146,50710.0
2024-08-14 16:14:33,SOLUSDT,bid,146,50503.0
2024-08-14 16:14:34,SOLUSDT,bid,146,50639.0
2024-08-14 16:14:34,SOLUSDT,bid,146,50642.0
2024-08-14 16:14:34,SOLUSDT,bid,146,50639.0
2024-08-14 16:14:34,SOLUSDT,bid,146,50503.0
2024-08-14 16:14:35,SOLUSDT,bid,146,50504.0
2024-08-14 16:14:35,SOLUSDT,bid,146,50445.0
2024-08-14 16:14:35,SOLUSDT,bid,146,50449.0
2024-08-14 16:14:35,SOLUSDT,bid,146,50451.0
2024-08-14 16:14:35,SOLUSDT,bid,146,50448.0
2024-08-14 16:14:35,SOLUSDT,bid,146,50447.0
2024-08-14 16:14:36,SOLUSDT,bid,146,50447.0
2024-08-14 16:14:36,SOLUSDT,bid,146,50433.0
2024-08-14 16:14:36,SOLUSDT,bid,146,50456.0
2024-08-14 16:14:36,SOLUSDT,bid,146,50457.0
2024-08-14 16:14:36,SOLUSDT,bid,146,50459.0
2024-08-14 16:14:36,SOLUSDT,bid,146,50415.0
2024-08-14 16:14:36,SOLUSDT,bid,146,50419.0
2024-08-14 16:14:36,SOLUSDT,bid,146,50418.0
2024-08-14 16:14:37,SOLUSDT,bid,146,50415.0
2024-08-14 16:14:37,SOLUSDT,bid,146,50418.0
2024-08-14 16:14:37,SOLUSDT,bid,146,50429.0
2024-08-14 16:14:37,SOLUSDT,bid,146,50430.0
2024-08-14 16:14:37,SOLUSDT,bid,146,50307.0
2024-08-14 16:14:37,SOLUSDT,bid,146,50310.0
2024-08-14 16:14:38,SOLUSDT,bid,146,50309.0
2024-08-14 16:14:38,SOLUSDT,bid,146,50310.0
2024-08-14 16:14:38,SOLUSDT,bid,146,50308.0
2024-08-14 16:14:38,SOLUSDT,bid,146,50311.0
2024-08-14 16:14:38,SOLUSDT,bid,146,50278.0
2024-08-14 16:14:39,SOLUSDT,bid,146,50278.0
2024-08-14 16:14:39,SOLUSDT,bid,146,50279.0
2024-08-14 16:14:39,SOLUSDT,bid,146,50274.0
2024-08-14 16:14:39,SOLUSDT,bid,146,50277.0
2024-08-14 16:14:39,SOLUSDT,bid,146,50282.0
2024-08-14 16:14:40,SOLUSDT,bid,146,50299.0
2024-08-14 16:14:40,SOLUSDT,bid,146,50272.0
2024-08-14 16:14:40,SOLUSDT,bid,146,50252.0
2024-08-14 16:14:41,SOLUSDT,bid,146,50257.0
2024-08-14 16:14:41,SOLUSDT,bid,146,50257.0
2024-08-14 16:14:41,SOLUSDT,bid,146,50238.0
2024-08-14 16:14:41,SOLUSDT,bid,146,50240.0
2024-08-14 16:14:41,SOLUSDT,bid,146,50033.0
2024-08-14 16:14:41,SOLUSDT,bid,146,50038.0
2024-08-14 16:14:41,SOLUSDT,bid,146,50037.0
2024-08-14 16:14:42,SOLUSDT,bid,146,50040.0
2024-08-14 16:14:42,SOLUSDT,bid,146,50038.0
2024-08-14 16:14:42,SOLUSDT,bid,146,50041.0
2024-08-14 16:14:42,SOLUSDT,bid,146,50038.0
2024-08-14 16:14:42,SOLUSDT,bid,146,50038.0
2024-08-14 16:14:42,SOLUSDT,bid,146,50040.0
2024-08-14 16:14:42,SOLUSDT,bid,146,50035.0
2024-08-14 16:14:42,SOLUSDT,bid,146,50038.0
2024-08-14 16:14:42,SOLUSDT,bid,146,50048.0
2024-08-14 16:14:42,SOLUSDT,bid,146,50073.0
2024-08-14 16:14:43,SOLUSDT,bid,146,50074.0
2024-08-14 16:14:43,SOLUSDT,bid,146,50051.0
2024-08-14 16:14:43,SOLUSDT,bid,146,50033.0
2024-08-14 16:14:45,SOLUSDT,bid,146,50049.0
2024-08-14 16:14:45,SOLUSDT,bid,146,50052.0
2024-08-14 16:14:45,SOLUSDT,bid,146,50056.0
2024-08-14 16:14:45,SOLUSDT,bid,146,50059.0
2024-08-14 16:14:45,SOLUSDT,bid,146,50060.0
2024-08-14 16:14:46,SOLUSDT,bid,146,50060.0
2024-08-14 16:14:46,SOLUSDT,bid,146,50065.0
2024-08-14 16:14:46,SOLUSDT,bid,146,50064.0
2024-08-14 16:14:46,SOLUSDT,bid,146,50068.0
2024-08-14 16:14:46,SOLUSDT,bid,146,50065.0
2024-08-14 16:14:46,SOLUSDT,bid,146,50065.0
2024-08-14 16:14:46,SOLUSDT,bid,146,50065.0
2024-08-14 16:14:46,SOLUSDT,bid,146,50080.0
2024-08-14 16:14:47,SOLUSDT,bid,146,50100.0
2024-08-14 16:14:47,SOLUSDT,bid,146,50100.0
2024-08-14 16:14:47,SOLUSDT,bid,146,50103.0
2024-08-14 16:14:47,SOLUSDT,bid,146,50113.0
2024-08-14 16:14:47,SOLUSDT,bid,146,50113.0
2024-08-14 16:14:47,SOLUSDT,bid,146,49553.0
2024-08-14 16:14:47,SOLUSDT,bid,146,49556.0
2024-08-14 16:14:47,SOLUSDT,bid,146,49590.0
2024-08-14 16:14:47,SOLUSDT,bid,146,49553.0
2024-08-14 16:14:47,SOLUSDT,bid,146,49555.0
2024-08-14 16:14:47,SOLUSDT,bid,146,49556.0
2024-08-14 16:14:47,SOLUSDT,bid,146,49553.0
2024-08-14 16:14:47,SOLUSDT,bid,146,49556.0
2024-08-14 16:14:48,SOLUSDT,bid,146,49553.0
2024-08-14 16:14:48,SOLUSDT,bid,146,49553.0
2024-08-14 16:14:48,SOLUSDT,bid,146,49556.0
2024-08-14 16:14:48,SOLUSDT,bid,146,49553.0
2024-08-14 16:14:48,SOLUSDT,bid,146,49556.0
2024-08-14 16:14:48,SOLUSDT,bid,146,49547.0
2024-08-14 16:14:48,SOLUSDT,bid,146,49575.0
2024-08-14 16:14:48,SOLUSDT,bid,146,49507.0
2024-08-14 16:14:48,SOLUSDT,bid,146,49512.0
2024-08-14 16:14:48,SOLUSDT,bid,146,49513.0
2024-08-14 16:14:49,SOLUSDT,bid,146,49510.0
2024-08-14 16:14:49,SOLUSDT,bid,146,49511.0
2024-08-14 16:14:49,SOLUSDT,bid,146,49501.0
2024-08-14 16:14:49,SOLUSDT,bid,146,49495.0
2024-08-14 16:14:49,SOLUSDT,bid,146,49495.0
2024-08-14 16:14:49,SOLUSDT,bid,146,49503.0
2024-08-14 16:14:50,SOLUSDT,bid,146,49521.0
2024-08-14 16:14:50,SOLUSDT,bid,146,49523.0
2024-08-14 16:14:50,SOLUSDT,bid,146,49523.0
2024-08-14 16:14:50,SOLUSDT,bid,146,49522.0
2024-08-14 16:14:50,SOLUSDT,bid,146,49525.0
2024-08-14 16:14:50,SOLUSDT,bid,146,49527.0
2024-08-14 16:14:50,SOLUSDT,bid,146,49550.0
2024-08-14 16:14:51,SOLUSDT,bid,146,49553.0
2024-08-14 16:14:51,SOLUSDT,bid,146,49525.0
2024-08-14 16:14:51,SOLUSDT,bid,146,49525.0
2024-08-14 16:14:51,SOLUSDT,bid,146,49528.0
2024-08-14 16:14:51,SOLUSDT,bid,146,49525.0
2024-08-14 16:14:51,SOLUSDT,bid,146,49525.0
2024-08-14 16:14:51,SOLUSDT,bid,146,49528.0
2024-08-14 16:14:51,SOLUSDT,bid,146,49509.0
2024-08-14 16:14:51,SOLUSDT,bid,146,49506.0
2024-08-14 16:14:52,SOLUSDT,bid,146,49509.0
2024-08-14 16:14:52,SOLUSDT,bid,146,49525.0
2024-08-14 16:14:52,SOLUSDT,bid,146,49525.0
2024-08-14 16:14:52,SOLUSDT,bid,146,49506.0
2024-08-14 16:14:52,SOLUSDT,bid,146,49504.0
2024-08-14 16:14:52,SOLUSDT,bid,146,49528.0
2024-08-14 16:14:53,SOLUSDT,bid,146,49525.0
2024-08-14 16:14:53,SOLUSDT,bid,146,49528.0
2024-08-14 16:14:53,SOLUSDT,bid,146,49529.0
2024-08-14 16:14:53,SOLUSDT,bid,146,49526.0
2024-08-14 16:14:53,SOLUSDT,bid,146,49546.0
2024-08-14 16:14:54,SOLUSDT,bid,146,49543.0
2024-08-14 16:14:54,SOLUSDT,bid,146,49546.0
2024-08-14 16:14:54,SOLUSDT,bid,146,49560.0
2024-08-14 16:14:54,SOLUSDT,bid,146,49549.0
2024-08-14 16:14:54,SOLUSDT,bid,146,49549.0
2024-08-14 16:14:54,SOLUSDT,bid,146,49550.0
2024-08-14 16:14:55,SOLUSDT,bid,146,49556.0
2024-08-14 16:14:55,SOLUSDT,bid,146,49556.0
2024-08-14 16:14:55,SOLUSDT,bid,146,49606.0
2024-08-14 16:14:55,SOLUSDT,bid,146,49609.0
2024-08-14 16:14:55,SOLUSDT,bid,146,49607.0
2024-08-14 16:14:55,SOLUSDT,bid,146,49600.0
2024-08-14 16:14:55,SOLUSDT,bid,146,49580.0
2024-08-14 16:14:55,SOLUSDT,bid,146,49570.0
2024-08-14 16:14:56,SOLUSDT,bid,146,49568.0
2024-08-14 16:14:58,SOLUSDT,bid,146,49536.0
2024-08-14 16:14:58,SOLUSDT,bid,146,49534.0
2024-08-14 16:14:58,SOLUSDT,bid,146,49539.0
2024-08-14 16:14:58,SOLUSDT,bid,146,49534.0
2024-08-14 16:14:58,SOLUSDT,bid,146,49534.0
2024-08-14 16:14:58,SOLUSDT,bid,146,49486.0
2024-08-14 16:14:58,SOLUSDT,bid,146,49446.0
2024-08-14 16:14:58,SOLUSDT,bid,146,49443.0
2024-08-14 16:14:59,SOLUSDT,bid,146,49443.0
2024-08-14 16:14:59,SOLUSDT,bid,146,49443.0
2024-08-14 16:14:59,SOLUSDT,bid,146,49444.0
2024-08-14 16:14:59,SOLUSDT,bid,146,49423.0
2024-08-14 16:15:00,SOLUSDT,bid,146,49428.0
2024-08-14 16:15:00,SOLUSDT,bid,146,49423.0
2024-08-14 16:15:00,SOLUSDT,bid,146,49428.0
2024-08-14 16:15:00,SOLUSDT,bid,146,49423.0
2024-08-14 16:15:01,SOLUSDT,bid,146,49426.0
2024-08-14 16:15:01,SOLUSDT,bid,146,49423.0
2024-08-14 16:15:01,SOLUSDT,bid,146,49421.0
2024-08-14 16:15:01,SOLUSDT,bid,146,49420.0
2024-08-14 16:15:02,SOLUSDT,bid,146,49422.0
2024-08-14 16:15:02,SOLUSDT,bid,146,49436.0
2024-08-14 16:15:02,SOLUSDT,bid,146,49458.0
2024-08-14 16:15:02,SOLUSDT,bid,146,49457.0
2024-08-14 16:15:02,SOLUSDT,bid,146,49457.0
2024-08-14 16:15:03,SOLUSDT,bid,146,49460.0
2024-08-14 16:15:03,SOLUSDT,bid,146,49437.0
2024-08-14 16:15:03,SOLUSDT,bid,146,49440.0
2024-08-14 16:15:03,SOLUSDT,bid,146,49436.0
2024-08-14 16:15:03,SOLUSDT,bid,146,49439.0
2024-08-14 16:15:03,SOLUSDT,bid,146,49455.0
2024-08-14 16:15:03,SOLUSDT,bid,146,49449.0
2024-08-14 16:15:03,SOLUSDT,bid,146,49447.0
2024-08-14 16:15:03,SOLUSDT,bid,146,49450.0
2024-08-14 16:15:04,SOLUSDT,bid,146,49443.0
2024-08-14 16:15:04,SOLUSDT,bid,146,49442.0
2024-08-14 16:15:04,SOLUSDT,bid,146,49445.0
2024-08-14 16:15:04,SOLUSDT,bid,146,49440.0
2024-08-14 16:15:04,SOLUSDT,bid,146,49412.0
2024-08-14 16:15:04,SOLUSDT,bid,146,49415.0
2024-08-14 16:15:04,SOLUSDT,bid,146,49411.0
2024-08-14 16:15:04,SOLUSDT,bid,146,49414.0
2024-08-14 16:15:04,SOLUSDT,bid,146,49380.0
2024-08-14 16:15:05,SOLUSDT,bid,146,49376.0
2024-08-14 16:15:05,SOLUSDT,bid,146,49375.0
2024-08-14 16:15:05,SOLUSDT,bid,146,49378.0
2024-08-14 16:15:05,SOLUSDT,bid,146,49375.0
2024-08-14 16:15:05,SOLUSDT,bid,146,49375.0
2024-08-14 16:15:05,SOLUSDT,bid,146,49336.0
2024-08-14 16:15:06,SOLUSDT,bid,146,49376.0
2024-08-14 16:15:06,SOLUSDT,bid,146,49379.0
2024-08-14 16:15:06,SOLUSDT,bid,146,49382.0
2024-08-14 16:15:07,SOLUSDT,bid,146,49390.0
2024-08-14 16:15:07,SOLUSDT,bid,146,49390.0
2024-08-14 16:15:07,SOLUSDT,bid,146,49416.0
2024-08-14 16:15:08,SOLUSDT,bid,146,49422.0
2024-08-14 16:15:08,SOLUSDT,bid,146,49413.0
2024-08-14 16:15:08,SOLUSDT,bid,146,49438.0
2024-08-14 16:15:09,SOLUSDT,bid,146,49440.0
2024-08-14 16:15:09,SOLUSDT,bid,146,49465.0
2024-08-14 16:15:10,SOLUSDT,bid,146,49464.0
2024-08-14 16:15:10,SOLUSDT,bid,146,49450.0
2024-08-14 16:15:10,SOLUSDT,bid,146,49451.0
2024-08-14 16:15:10,SOLUSDT,bid,146,49476.0
2024-08-14 16:15:10,SOLUSDT,bid,146,49436.0
2024-08-14 16:15:10,SOLUSDT,bid,146,49433.0
2024-08-14 16:15:11,SOLUSDT,bid,146,49417.0
2024-08-14 16:15:11,SOLUSDT,bid,146,49415.0
2024-08-14 16:15:11,SOLUSDT,bid,146,49440.0
2024-08-14 16:15:12,SOLUSDT,bid,146,49463.0
2024-08-14 16:15:12,SOLUSDT,bid,146,49461.0
2024-08-14 16:15:13,SOLUSDT,bid,146,49464.0
2024-08-14 16:15:13,SOLUSDT,bid,146,49451.0
2024-08-14 16:15:13,SOLUSDT,bid,146,49451.0
2024-08-14 16:15:13,SOLUSDT,bid,146,49452.0
2024-08-14 16:15:13,SOLUSDT,bid,146,49475.0
2024-08-14 16:15:13,SOLUSDT,bid,146,49467.0
2024-08-14 16:15:13,SOLUSDT,bid,146,49439.0
2024-08-14 16:15:14,SOLUSDT,bid,146,49441.0
2024-08-14 16:15:14,SOLUSDT,bid,146,49438.0
2024-08-14 16:15:14,SOLUSDT,bid,146,49438.0
2024-08-14 16:15:14,SOLUSDT,bid,146,49460.0
2024-08-14 16:15:14,SOLUSDT,bid,146,49457.0
2024-08-14 16:15:15,SOLUSDT,bid,146,49456.0
2024-08-14 16:15:15,SOLUSDT,bid,146,49480.0
2024-08-14 16:15:15,SOLUSDT,bid,146,49479.0
2024-08-14 16:15:16,SOLUSDT,bid,146,48643.0
2024-08-14 16:15:16,SOLUSDT,bid,146,48619.0
2024-08-14 16:15:16,SOLUSDT,bid,146,48640.0
2024-08-14 16:15:17,SOLUSDT,bid,146,48641.0
2024-08-14 16:15:17,SOLUSDT,bid,146,48600.0
2024-08-14 16:15:17,SOLUSDT,bid,146,48624.0
2024-08-14 16:15:17,SOLUSDT,bid,146,48601.0
2024-08-14 16:15:17,SOLUSDT,bid,146,48599.0
2024-08-14 16:15:17,SOLUSDT,bid,146,48599.0
2024-08-14 16:15:17,SOLUSDT,bid,146,48592.0
2024-08-14 16:15:17,SOLUSDT,bid,146,48589.0
2024-08-14 16:15:18,SOLUSDT,bid,146,48568.0
2024-08-14 16:15:18,SOLUSDT,bid,146,48564.0
2024-08-14 16:15:18,SOLUSDT,bid,146,48539.0
2024-08-14 16:15:18,SOLUSDT,bid,146,48537.0
2024-08-14 16:15:18,SOLUSDT,bid,146,48499.0
2024-08-14 16:15:19,SOLUSDT,bid,146,48498.0
2024-08-14 16:15:19,SOLUSDT,bid,146,48497.0
2024-08-14 16:15:19,SOLUSDT,bid,146,48498.0
2024-08-14 16:15:19,SOLUSDT,bid,146,48499.0
2024-08-14 16:15:19,SOLUSDT,bid,146,48495.0
2024-08-14 16:15:20,SOLUSDT,bid,146,48511.0
2024-08-14 16:15:20,SOLUSDT,bid,146,48510.0
2024-08-14 16:15:20,SOLUSDT,bid,146,48240.0
2024-08-14 16:15:20,SOLUSDT,bid,146,48212.0
2024-08-14 16:15:20,SOLUSDT,bid,146,48208.0
2024-08-14 16:15:21,SOLUSDT,bid,146,48185.0
2024-08-14 16:15:21,SOLUSDT,bid,146,48226.0
2024-08-14 16:15:21,SOLUSDT,bid,146,48223.0
2024-08-14 16:15:21,SOLUSDT,bid,146,48222.0
2024-08-14 16:15:21,SOLUSDT,bid,146,48217.0
2024-08-14 16:15:21,SOLUSDT,bid,146,48214.0
2024-08-14 16:15:22,SOLUSDT,bid,146,48203.0
2024-08-14 16:15:22,SOLUSDT,bid,146,48187.0
2024-08-14 16:15:22,SOLUSDT,bid,146,48188.0
2024-08-14 16:15:22,SOLUSDT,bid,146,48186.0
2024-08-14 16:15:22,SOLUSDT,bid,146,48185.0
2024-08-14 16:15:23,SOLUSDT,bid,146,48185.0
2024-08-14 16:15:23,SOLUSDT,bid,146,48189.0
2024-08-14 16:15:23,SOLUSDT,bid,146,48262.0
2024-08-14 16:15:23,SOLUSDT,bid,146,48294.0
2024-08-14 16:15:23,SOLUSDT,bid,146,48262.0
2024-08-14 16:15:23,SOLUSDT,bid,146,48260.0
2024-08-14 16:15:24,SOLUSDT,bid,146,48226.0
2024-08-14 16:15:24,SOLUSDT,bid,146,48226.0
2024-08-14 16:15:24,SOLUSDT,bid,146,48211.0
2024-08-14 16:15:25,SOLUSDT,bid,146,48210.0
2024-08-14 16:15:25,SOLUSDT,bid,146,48205.0
2024-08-14 16:15:25,SOLUSDT,bid,146,48205.0
2024-08-14 16:15:25,SOLUSDT,bid,146,48182.0
2024-08-14 16:15:25,SOLUSDT,bid,146,48184.0
2024-08-14 16:15:26,SOLUSDT,bid,146,48183.0
2024-08-14 16:15:26,SOLUSDT,bid,146,48183.0
2024-08-14 16:15:27,SOLUSDT,bid,146,48179.0
2024-08-14 16:15:27,SOLUSDT,bid,146,48184.0
2024-08-14 16:15:27,SOLUSDT,bid,146,48185.0
2024-08-14 16:15:27,SOLUSDT,bid,146,48183.0
2024-08-14 16:15:27,SOLUSDT,bid,146,48189.0
2024-08-14 16:15:28,SOLUSDT,bid,146,48206.0
2024-08-14 16:15:28,SOLUSDT,bid,146,48190.0
2024-08-14 16:15:28,SOLUSDT,bid,146,48190.0
2024-08-14 16:15:28,SOLUSDT,bid,146,48188.0
2024-08-14 16:15:28,SOLUSDT,bid,146,48187.0
2024-08-14 16:15:29,SOLUSDT,bid,146,48188.0
2024-08-14 16:15:29,SOLUSDT,bid,146,48184.0
2024-08-14 16:15:29,SOLUSDT,bid,146,48188.0
2024-08-14 16:15:29,SOLUSDT,bid,146,48192.0
2024-08-14 16:15:29,SOLUSDT,bid,146,48130.0
2024-08-14 16:15:30,SOLUSDT,bid,146,48127.0
2024-08-14 16:15:30,SOLUSDT,bid,146,48131.0
2024-08-14 16:15:30,SOLUSDT,bid,146,48128.0
2024-08-14 16:15:30,SOLUSDT,bid,146,48128.0
2024-08-14 16:15:30,SOLUSDT,bid,146,48072.0
2024-08-14 16:15:31,SOLUSDT,bid,146,48080.0
2024-08-14 16:15:31,SOLUSDT,bid,146,48082.0
2024-08-14 16:15:31,SOLUSDT,bid,146,48084.0
2024-08-14 16:15:31,SOLUSDT,bid,146,48011.0
2024-08-14 16:15:32,SOLUSDT,bid,146,47432.0
2024-08-14 16:15:32,SOLUSDT,bid,146,47371.0
2024-08-14 16:15:32,SOLUSDT,bid,146,47372.0
2024-08-14 16:15:32,SOLUSDT,bid,146,47395.0
2024-08-14 16:15:32,SOLUSDT,bid,146,47398.0
2024-08-14 16:15:32,SOLUSDT,bid,146,47396.0
2024-08-14 16:15:32,SOLUSDT,bid,146,47395.0
2024-08-14 16:15:32,SOLUSDT,bid,146,47375.0
2024-08-14 16:15:32,SOLUSDT,bid,146,47373.0
2024-08-14 16:15:33,SOLUSDT,bid,146,47373.0
2024-08-14 16:15:33,SOLUSDT,bid,146,47372.0
2024-08-14 16:15:33,SOLUSDT,bid,146,47353.0
2024-08-14 16:15:33,SOLUSDT,bid,146,47375.0
2024-08-14 16:15:33,SOLUSDT,bid,146,47319.0
2024-08-14 16:15:33,SOLUSDT,bid,146,47318.0
2024-08-14 16:15:34,SOLUSDT,bid,146,47315.0
2024-08-14 16:15:35,SOLUSDT,bid,146,47313.0
2024-08-14 16:15:35,SOLUSDT,bid,146,47284.0
2024-08-14 16:15:35,SOLUSDT,bid,146,47282.0
2024-08-14 16:15:36,SOLUSDT,bid,146,47278.0
2024-08-14 16:15:36,SOLUSDT,bid,146,47280.0
2024-08-14 16:15:36,SOLUSDT,bid,146,47281.0
2024-08-14 16:15:37,SOLUSDT,bid,146,47280.0
2024-08-14 16:15:37,SOLUSDT,bid,146,47303.0
2024-08-14 16:15:37,SOLUSDT,bid,146,47281.0
2024-08-14 16:15:37,SOLUSDT,bid,146,47277.0
2024-08-14 16:15:38,SOLUSDT,bid,146,47277.0
2024-08-14 16:15:38,SOLUSDT,bid,146,47268.0
2024-08-14 16:15:38,SOLUSDT,bid,146,47258.0
2024-08-14 16:15:39,SOLUSDT,bid,146,47242.0
2024-08-14 16:15:39,SOLUSDT,bid,146,47252.0
2024-08-14 16:15:39,SOLUSDT,bid,146,47240.0
2024-08-14 16:15:39,SOLUSDT,bid,146,47241.0
2024-08-14 16:15:40,SOLUSDT,bid,146,47229.0
2024-08-14 16:15:40,SOLUSDT,bid,146,47229.0
2024-08-14 16:15:41,SOLUSDT,bid,146,47208.0
2024-08-14 16:15:41,SOLUSDT,bid,146,47206.0
2024-08-14 16:15:42,SOLUSDT,bid,146,47186.0
2024-08-14 16:15:42,SOLUSDT,bid,146,47183.0
2024-08-14 16:15:42,SOLUSDT,bid,146,47171.0
2024-08-14 16:15:42,SOLUSDT,bid,146,47174.0
2024-08-14 16:15:42,SOLUSDT,bid,146,45959.0
2024-08-14 16:15:42,SOLUSDT,bid,146,45856.0
2024-08-14 16:15:42,SOLUSDT,bid,146,45846.0
2024-08-14 16:15:43,SOLUSDT,bid,146,45853.0
2024-08-14 16:15:43,SOLUSDT,bid,146,45851.0
2024-08-14 16:15:43,SOLUSDT,bid,146,45850.0
2024-08-14 16:15:43,SOLUSDT,bid,146,45852.0
2024-08-14 16:15:43,SOLUSDT,bid,146,45852.0
2024-08-14 16:15:44,SOLUSDT,bid,146,45849.0
2024-08-14 16:15:44,SOLUSDT,bid,146,45848.0
2024-08-14 16:15:44,SOLUSDT,bid,146,45842.0
2024-08-14 16:15:44,SOLUSDT,bid,146,45181.0
2024-08-14 16:15:45,SOLUSDT,bid,146,44692.0
2024-08-14 16:15:45,SOLUSDT,bid,146,44119.0
2024-08-14 16:15:45,SOLUSDT,bid,146,38594.0
2024-08-14 16:15:45,SOLUSDT,bid,146,38595.0
2024-08-14 16:15:45,SOLUSDT,bid,146,38556.0
2024-08-14 16:15:45,SOLUSDT,bid,146,38502.0
2024-08-14 16:15:46,SOLUSDT,bid,146,38480.0
2024-08-14 16:15:46,SOLUSDT,bid,146,37529.0
2024-08-14 16:15:46,SOLUSDT,bid,146,36990.0
2024-08-14 16:15:46,SOLUSDT,bid,146,36989.0
2024-08-14 16:15:46,SOLUSDT,bid,146,36868.0
2024-08-14 16:15:46,SOLUSDT,bid,146,36763.0
2024-08-14 16:15:46,SOLUSDT,bid,146,36718.0
2024-08-14 16:15:46,SOLUSDT,bid,146,36625.0
2024-08-14 16:15:46,SOLUSDT,bid,146,36541.0
2024-08-14 16:15:47,SOLUSDT,bid,146,36036.0
2024-08-14 16:15:47,SOLUSDT,bid,146,35897.0
2024-08-14 16:20:34,SOLUSDT,ask,175,29441.0
2024-08-14 16:44:58,SOLUSDT,ask,175,29359.0
2024-08-14 16:54:41,SOLUSDT,ask,175,29361.0
2024-08-14 17:17:56,SOLUSDT,ask,175,29389.0
2024-08-14 17:18:00,SOLUSDT,ask,175,29361.0
2024-08-14 17:42:19,SOLUSDT,bid,74,69659.0
2024-08-14 17:42:20,SOLUSDT,bid,74,69659.0
2024-08-14 17:42:20,SOLUSDT,bid,74,69658.0
2024-08-14 17:42:20,SOLUSDT,bid,74,69658.0
2024-08-14 17:42:26,SOLUSDT,bid,74,69659.0
2024-08-14 17:42:27,SOLUSDT,bid,74,69658.0
2024-08-14 17:42:33,SOLUSDT,bid,74,69659.0
2024-08-14 17:42:34,SOLUSDT,bid,74,69659.0
2024-08-14 17:42:34,SOLUSDT,bid,74,69658.0
2024-08-14 18:00:37,SOLUSDT,ask,175,29386.0
2024-08-14 18:22:37,SOLUSDT,bid,74,69652.0
2024-08-14 18:38:54,SOLUSDT,bid,74,69652.0
2024-08-14 18:39:23,SOLUSDT,bid,74,69653.0
2024-08-14 18:39:24,SOLUSDT,bid,74,69652.0
2024-08-14 18:39:32,SOLUSDT,bid,74,69653.0
2024-08-14 18:39:34,SOLUSDT,bid,74,69652.0
2024-08-14 18:43:41,SOLUSDT,ask,175,29400.0
2024-08-14 18:47:07,SOLUSDT,ask,178,35186.0
2024-08-14 18:55:44,SOLUSDT,bid,74,69653.0
2024-08-14 18:55:44,SOLUSDT,bid,74,69654.0
2024-08-14 18:55:44,SOLUSDT,bid,74,69653.0
2024-08-14 18:55:45,SOLUSDT,bid,74,69652.0
2024-08-14 18:55:52,SOLUSDT,bid,74,69653.0
2024-08-14 18:55:53,SOLUSDT,bid,74,69652.0
2024-08-14 18:56:19,SOLUSDT,bid,74,69653.0
2024-08-14 18:56:19,SOLUSDT,bid,74,69652.0
2024-08-14 18:57:46,SOLUSDT,bid,74,69652.0
2024-08-14 18:57:47,SOLUSDT,bid,74,69653.0
2024-08-14 18:57:47,SOLUSDT,bid,74,69654.0
2024-08-14 18:57:47,SOLUSDT,bid,74,69653.0
2024-08-14 18:57:48,SOLUSDT,bid,74,69654.0
2024-08-14 18:57:48,SOLUSDT,bid,74,69653.0
2024-08-14 18:57:49,SOLUSDT,bid,74,69654.0
2024-08-14 18:57:49,SOLUSDT,bid,74,69653.0
2024-08-14 18:57:50,SOLUSDT,bid,74,69652.0
2024-08-14 18:58:59,SOLUSDT,bid,74,69653.0
2024-08-14 18:59:00,SOLUSDT,bid,74,69652.0
2024-08-14 18:59:03,SOLUSDT,bid,74,69653.0
2024-08-14 18:59:04,SOLUSDT,bid,74,69652.0
2024-08-14 19:01:35,SOLUSDT,bid,74,69653.0
2024-08-14 19:01:35,SOLUSDT,bid,74,69654.0
2024-08-14 19:01:35,SOLUSDT,bid,74,69653.0
2024-08-14 19:01:36,SOLUSDT,bid,74,69654.0
2024-08-14 19:01:36,SOLUSDT,bid,74,69653.0
2024-08-14 19:01:36,SOLUSDT,bid,74,69654.0
2024-08-14 19:01:36,SOLUSDT,bid,74,69653.0
2024-08-14 19:01:36,SOLUSDT,bid,74,69652.0
2024-08-14 19:15:09,SOLUSDT,bid,74,69653.0
2024-08-14 19:15:09,SOLUSDT,bid,74,69652.0
