2024-08-21 08:28:36,SOLUSDT,bid,56,89293.0
2024-08-21 11:42:02,SOLUSDT,ask,178,35100.0
2024-08-21 12:50:40,SOLUSDT,ask,143,209472.0
2024-08-21 12:50:40,SOLUSDT,ask,143,209478.0
2024-08-21 12:50:40,SOLUSDT,ask,143,209472.0
2024-08-21 12:50:40,SOLUSDT,ask,143,209455.0
2024-08-21 12:50:42,SOLUSDT,ask,143,209455.0
2024-08-21 12:50:44,SOLUSDT,ask,143,209455.0
2024-08-21 12:50:44,SOLUSDT,ask,143,209460.0
2024-08-21 12:50:47,SOLUSDT,ask,143,209453.0
2024-08-21 12:50:49,SOLUSDT,ask,143,209459.0
2024-08-21 12:50:49,SOLUSDT,ask,143,209453.0
2024-08-21 12:50:54,SOLUSDT,ask,143,209454.0
2024-08-21 12:50:55,SOLUSDT,ask,143,209454.0
2024-08-21 12:50:56,SOLUSDT,ask,143,209449.0
2024-08-21 12:50:59,SOLUSDT,ask,143,209485.0
2024-08-21 12:51:00,SOLUSDT,ask,143,209492.0
2024-08-21 12:51:00,SOLUSDT,ask,143,209491.0
2024-08-21 12:51:01,SOLUSDT,ask,143,209492.0
2024-08-21 12:51:01,SOLUSDT,ask,143,209491.0
2024-08-21 12:51:01,SOLUSDT,ask,143,209455.0
2024-08-21 12:51:02,SOLUSDT,ask,143,209469.0
2024-08-21 12:51:02,SOLUSDT,ask,143,209470.0
2024-08-21 12:51:02,SOLUSDT,ask,143,209456.0
2024-08-21 12:51:10,SOLUSDT,ask,143,209470.0
2024-08-21 12:51:10,SOLUSDT,ask,143,209470.0
2024-08-21 12:51:10,SOLUSDT,ask,143,209543.0
2024-08-21 12:51:10,SOLUSDT,ask,143,209543.0
2024-08-21 12:51:10,SOLUSDT,ask,143,209537.0
2024-08-21 12:51:13,SOLUSDT,ask,143,209530.0
2024-08-21 12:51:13,SOLUSDT,ask,143,209528.0
2024-08-21 12:51:13,SOLUSDT,ask,143,209528.0
2024-08-21 12:51:16,SOLUSDT,ask,143,209529.0
2024-08-21 12:51:17,SOLUSDT,ask,143,209528.0
2024-08-21 12:51:17,SOLUSDT,ask,143,209591.0
2024-08-21 12:51:18,SOLUSDT,ask,143,209574.0
2024-08-21 12:51:27,SOLUSDT,ask,143,209561.0
2024-08-21 12:51:27,SOLUSDT,ask,143,209512.0
2024-08-21 12:51:27,SOLUSDT,ask,143,209561.0
2024-08-21 12:51:31,SOLUSDT,ask,143,209512.0
2024-08-21 12:51:41,SOLUSDT,ask,143,209617.0
2024-08-21 12:51:41,SOLUSDT,ask,143,209616.0
2024-08-21 12:51:41,SOLUSDT,ask,143,209512.0
2024-08-21 12:51:44,SOLUSDT,ask,143,209512.0
2024-08-21 12:51:50,SOLUSDT,ask,143,209527.0
2024-08-21 12:51:50,SOLUSDT,ask,143,209577.0
2024-08-21 12:51:50,SOLUSDT,ask,143,209577.0
2024-08-21 12:51:51,SOLUSDT,ask,143,209527.0
2024-08-21 12:51:51,SOLUSDT,ask,143,209649.0
2024-08-21 12:51:51,SOLUSDT,ask,143,209687.0
2024-08-21 12:51:52,SOLUSDT,ask,143,209637.0
2024-08-21 12:51:52,SOLUSDT,ask,143,209687.0
2024-08-21 12:51:52,SOLUSDT,ask,143,209687.0
2024-08-21 12:51:53,SOLUSDT,ask,143,209637.0
2024-08-21 12:51:53,SOLUSDT,ask,143,209687.0
2024-08-21 12:51:53,SOLUSDT,ask,143,209687.0
2024-08-21 12:51:54,SOLUSDT,ask,143,209599.0
2024-08-21 12:51:54,SOLUSDT,ask,143,209649.0
2024-08-21 12:51:54,SOLUSDT,ask,143,209599.0
2024-08-21 12:51:54,SOLUSDT,ask,143,209527.0
2024-08-21 12:51:55,SOLUSDT,ask,143,209463.0
2024-08-21 12:51:56,SOLUSDT,ask,143,209448.0
2024-08-21 12:52:05,SOLUSDT,ask,143,209463.0
2024-08-21 12:52:10,SOLUSDT,ask,143,209448.0
2024-08-21 12:52:20,SOLUSDT,ask,143,209448.0
2024-08-21 12:52:20,SOLUSDT,ask,143,209449.0
2024-08-21 12:52:20,SOLUSDT,ask,143,209448.0
2024-08-21 12:52:20,SOLUSDT,ask,143,209449.0
2024-08-21 12:52:21,SOLUSDT,ask,143,209448.0
2024-08-21 12:52:21,SOLUSDT,ask,143,209448.0
2024-08-21 12:52:23,SOLUSDT,ask,143,209448.0
2024-08-21 12:52:30,SOLUSDT,ask,143,209465.0
2024-08-21 12:52:33,SOLUSDT,ask,143,209515.0
2024-08-21 12:52:34,SOLUSDT,ask,143,209465.0
2024-08-21 12:52:35,SOLUSDT,ask,143,209512.0
2024-08-21 12:52:35,SOLUSDT,ask,143,209495.0
2024-08-21 12:52:40,SOLUSDT,ask,143,209448.0
2024-08-21 12:52:41,SOLUSDT,ask,143,209518.0
2024-08-21 12:52:42,SOLUSDT,ask,143,209568.0
2024-08-21 12:52:43,SOLUSDT,ask,143,209518.0
2024-08-21 12:52:43,SOLUSDT,ask,143,209568.0
2024-08-21 12:52:43,SOLUSDT,ask,143,209518.0
2024-08-21 12:52:43,SOLUSDT,ask,143,209568.0
2024-08-21 12:52:44,SOLUSDT,ask,143,209568.0
2024-08-21 12:52:44,SOLUSDT,ask,143,209518.0
2024-08-21 12:52:45,SOLUSDT,ask,143,209498.0
2024-08-21 12:52:45,SOLUSDT,ask,143,209448.0
2024-08-21 12:52:45,SOLUSDT,ask,143,209498.0
2024-08-21 12:52:46,SOLUSDT,ask,143,209498.0
2024-08-21 12:52:46,SOLUSDT,ask,143,209448.0
2024-08-21 12:52:46,SOLUSDT,ask,143,209498.0
2024-08-21 12:52:46,SOLUSDT,ask,143,209498.0
2024-08-21 12:52:47,SOLUSDT,ask,143,209448.0
2024-08-21 12:52:47,SOLUSDT,ask,143,209498.0
2024-08-21 12:52:48,SOLUSDT,ask,143,209448.0
2024-08-21 12:52:48,SOLUSDT,ask,143,209498.0
2024-08-21 12:52:49,SOLUSDT,ask,143,209448.0
2024-08-21 12:52:49,SOLUSDT,ask,143,209498.0
2024-08-21 12:52:49,SOLUSDT,ask,143,209448.0
2024-08-21 12:52:50,SOLUSDT,ask,143,209498.0
2024-08-21 12:52:50,SOLUSDT,ask,143,209448.0
2024-08-21 12:52:50,SOLUSDT,ask,143,209498.0
2024-08-21 12:52:51,SOLUSDT,ask,143,209498.0
2024-08-21 12:52:51,SOLUSDT,ask,143,209448.0
2024-08-21 12:52:52,SOLUSDT,ask,143,209498.0
2024-08-21 12:52:52,SOLUSDT,ask,143,209448.0
2024-08-21 12:52:52,SOLUSDT,ask,143,209448.0
2024-08-21 12:52:53,SOLUSDT,ask,143,209498.0
2024-08-21 12:52:53,SOLUSDT,ask,143,209498.0
2024-08-21 12:52:54,SOLUSDT,ask,143,209448.0
2024-08-21 12:52:54,SOLUSDT,ask,143,209498.0
2024-08-21 12:52:54,SOLUSDT,ask,143,209448.0
2024-08-21 12:52:55,SOLUSDT,ask,143,209498.0
2024-08-21 12:52:55,SOLUSDT,ask,143,209498.0
2024-08-21 12:52:56,SOLUSDT,ask,143,209448.0
2024-08-21 12:52:56,SOLUSDT,ask,143,209498.0
2024-08-21 12:52:56,SOLUSDT,ask,143,209448.0
2024-08-21 12:52:57,SOLUSDT,ask,143,209498.0
2024-08-21 12:52:57,SOLUSDT,ask,143,209498.0
2024-08-21 12:52:57,SOLUSDT,ask,143,209498.0
2024-08-21 12:52:57,SOLUSDT,ask,143,209512.0
2024-08-21 12:52:58,SOLUSDT,ask,143,209462.0
2024-08-21 12:52:58,SOLUSDT,ask,143,209512.0
2024-08-21 12:52:58,SOLUSDT,ask,143,209462.0
2024-08-21 12:52:59,SOLUSDT,ask,143,209512.0
2024-08-21 12:52:59,SOLUSDT,ask,143,209512.0
2024-08-21 12:53:00,SOLUSDT,ask,143,209462.0
2024-08-21 12:53:00,SOLUSDT,ask,143,209512.0
2024-08-21 12:53:00,SOLUSDT,ask,143,209462.0
2024-08-21 12:53:00,SOLUSDT,ask,143,209512.0
2024-08-21 12:53:00,SOLUSDT,ask,143,209512.0
2024-08-21 12:53:01,SOLUSDT,ask,143,209462.0
2024-08-21 12:53:01,SOLUSDT,ask,143,209512.0
2024-08-21 12:53:02,SOLUSDT,ask,143,209462.0
2024-08-21 12:53:02,SOLUSDT,ask,143,209512.0
2024-08-21 12:53:02,SOLUSDT,ask,143,209513.0
2024-08-21 12:53:02,SOLUSDT,ask,143,209463.0
2024-08-21 12:53:03,SOLUSDT,ask,143,209513.0
2024-08-21 12:53:03,SOLUSDT,ask,143,209463.0
2024-08-21 12:53:03,SOLUSDT,ask,143,209513.0
2024-08-21 12:53:03,SOLUSDT,ask,143,209512.0
2024-08-21 12:53:04,SOLUSDT,ask,143,209463.0
2024-08-21 12:53:04,SOLUSDT,ask,143,209513.0
2024-08-21 12:53:04,SOLUSDT,ask,143,209512.0
2024-08-21 12:53:04,SOLUSDT,ask,143,209512.0
2024-08-21 12:53:04,SOLUSDT,ask,143,209512.0
2024-08-21 12:53:04,SOLUSDT,ask,143,209513.0
2024-08-21 12:53:04,SOLUSDT,ask,143,209463.0
2024-08-21 12:53:05,SOLUSDT,ask,143,209513.0
2024-08-21 12:53:05,SOLUSDT,ask,143,209463.0
2024-08-21 12:53:05,SOLUSDT,ask,143,209513.0
2024-08-21 12:53:05,SOLUSDT,ask,143,209463.0
2024-08-21 12:53:05,SOLUSDT,ask,143,209513.0
2024-08-21 12:53:05,SOLUSDT,ask,143,209513.0
2024-08-21 12:53:06,SOLUSDT,ask,143,209463.0
2024-08-21 12:53:06,SOLUSDT,ask,143,209513.0
2024-08-21 12:53:06,SOLUSDT,ask,143,209463.0
2024-08-21 12:53:06,SOLUSDT,ask,143,209513.0
2024-08-21 12:53:07,SOLUSDT,ask,143,209463.0
2024-08-21 12:53:07,SOLUSDT,ask,143,209513.0
2024-08-21 12:53:07,SOLUSDT,ask,143,209513.0
2024-08-21 12:53:08,SOLUSDT,ask,143,209513.0
2024-08-21 12:53:09,SOLUSDT,ask,143,209463.0
2024-08-21 12:53:09,SOLUSDT,ask,143,209513.0
2024-08-21 12:53:09,SOLUSDT,ask,143,209512.0
2024-08-21 12:53:10,SOLUSDT,ask,143,209512.0
2024-08-21 12:53:10,SOLUSDT,ask,143,209544.0
2024-08-21 12:53:10,SOLUSDT,ask,143,209566.0
2024-08-21 12:53:10,SOLUSDT,ask,143,209616.0
2024-08-21 12:53:10,SOLUSDT,ask,143,209654.0
2024-08-21 12:53:11,SOLUSDT,ask,143,209758.0
2024-08-21 12:53:11,SOLUSDT,ask,143,209654.0
2024-08-21 12:53:11,SOLUSDT,ask,143,209654.0
2024-08-21 12:53:11,SOLUSDT,ask,143,209654.0
2024-08-21 12:53:12,SOLUSDT,ask,143,209604.0
2024-08-21 12:53:12,SOLUSDT,ask,143,209654.0
2024-08-21 12:53:13,SOLUSDT,ask,143,209604.0
2024-08-21 12:53:13,SOLUSDT,ask,143,209654.0
2024-08-21 12:53:13,SOLUSDT,ask,143,209654.0
2024-08-21 12:53:14,SOLUSDT,ask,143,209654.0
2024-08-21 12:53:14,SOLUSDT,ask,143,209582.0
2024-08-21 12:53:14,SOLUSDT,ask,143,209494.0
2024-08-21 12:53:14,SOLUSDT,ask,143,209544.0
2024-08-21 12:53:15,SOLUSDT,ask,143,209462.0
2024-08-21 12:53:15,SOLUSDT,ask,143,209512.0
2024-08-21 12:53:15,SOLUSDT,ask,143,209516.0
2024-08-21 12:53:15,SOLUSDT,ask,143,209512.0
2024-08-21 12:53:16,SOLUSDT,ask,143,209512.0
2024-08-21 12:53:17,SOLUSDT,ask,143,209512.0
2024-08-21 12:53:17,SOLUSDT,ask,143,209512.0
2024-08-21 12:53:18,SOLUSDT,ask,143,209462.0
2024-08-21 12:53:18,SOLUSDT,ask,143,209512.0
2024-08-21 12:53:18,SOLUSDT,ask,143,209512.0
2024-08-21 12:53:19,SOLUSDT,ask,143,209512.0
2024-08-21 12:53:19,SOLUSDT,ask,143,209517.0
2024-08-21 12:53:19,SOLUSDT,ask,143,209467.0
2024-08-21 12:53:19,SOLUSDT,ask,143,209517.0
2024-08-21 12:53:20,SOLUSDT,ask,143,209517.0
2024-08-21 12:53:21,SOLUSDT,ask,143,209467.0
2024-08-21 12:53:21,SOLUSDT,ask,143,209517.0
2024-08-21 12:53:21,SOLUSDT,ask,143,209467.0
2024-08-21 12:53:21,SOLUSDT,ask,143,209517.0
2024-08-21 12:53:22,SOLUSDT,ask,143,209512.0
2024-08-21 12:53:22,SOLUSDT,ask,143,209512.0
2024-08-21 12:53:23,SOLUSDT,ask,143,209462.0
2024-08-21 12:53:23,SOLUSDT,ask,143,209512.0
2024-08-21 12:53:23,SOLUSDT,ask,143,209512.0
2024-08-21 12:53:23,SOLUSDT,ask,143,209512.0
2024-08-21 12:53:24,SOLUSDT,ask,143,209512.0
2024-08-21 12:53:25,SOLUSDT,ask,143,209512.0
2024-08-21 12:53:25,SOLUSDT,ask,143,209462.0
2024-08-21 12:53:25,SOLUSDT,ask,143,209462.0
2024-08-21 12:53:25,SOLUSDT,ask,143,209512.0
2024-08-21 12:53:26,SOLUSDT,ask,143,209462.0
2024-08-21 12:53:26,SOLUSDT,ask,143,209512.0
2024-08-21 12:53:27,SOLUSDT,ask,143,209462.0
2024-08-21 12:53:27,SOLUSDT,ask,143,209512.0
2024-08-21 12:53:27,SOLUSDT,ask,143,209462.0
2024-08-21 12:53:28,SOLUSDT,ask,143,209512.0
2024-08-21 12:53:28,SOLUSDT,ask,143,209462.0
2024-08-21 12:53:28,SOLUSDT,ask,143,209512.0
2024-08-21 12:53:28,SOLUSDT,ask,143,209462.0
2024-08-21 12:53:29,SOLUSDT,ask,143,209512.0
2024-08-21 12:53:29,SOLUSDT,ask,143,209462.0
2024-08-21 12:53:29,SOLUSDT,ask,143,209512.0
2024-08-21 12:53:30,SOLUSDT,ask,143,209512.0
2024-08-21 12:53:30,SOLUSDT,ask,143,209462.0
2024-08-21 12:53:30,SOLUSDT,ask,143,209512.0
2024-08-21 12:53:31,SOLUSDT,ask,143,209462.0
2024-08-21 12:53:31,SOLUSDT,ask,143,209512.0
2024-08-21 12:53:31,SOLUSDT,ask,143,209512.0
2024-08-21 12:53:32,SOLUSDT,ask,143,209462.0
2024-08-21 12:53:33,SOLUSDT,ask,143,209512.0
2024-08-21 12:53:33,SOLUSDT,ask,143,209462.0
2024-08-21 12:53:33,SOLUSDT,ask,143,209512.0
2024-08-21 12:53:34,SOLUSDT,ask,143,209462.0
2024-08-21 12:53:34,SOLUSDT,ask,143,209512.0
2024-08-21 12:53:35,SOLUSDT,ask,143,209462.0
2024-08-21 12:53:35,SOLUSDT,ask,143,209512.0
2024-08-21 12:53:35,SOLUSDT,ask,143,209462.0
2024-08-21 12:53:35,SOLUSDT,ask,143,209512.0
2024-08-21 12:53:36,SOLUSDT,ask,143,209462.0
2024-08-21 12:53:36,SOLUSDT,ask,143,209512.0
2024-08-21 12:53:36,SOLUSDT,ask,143,209462.0
2024-08-21 12:53:36,SOLUSDT,ask,143,209512.0
2024-08-21 12:53:37,SOLUSDT,ask,143,209462.0
2024-08-21 12:53:37,SOLUSDT,ask,143,209512.0
2024-08-21 12:53:38,SOLUSDT,ask,143,209512.0
2024-08-21 12:53:38,SOLUSDT,ask,143,209523.0
2024-08-21 12:53:38,SOLUSDT,ask,143,209523.0
2024-08-21 12:53:38,SOLUSDT,ask,143,209473.0
2024-08-21 12:53:39,SOLUSDT,ask,143,209523.0
2024-08-21 12:53:39,SOLUSDT,ask,143,209473.0
2024-08-21 12:53:40,SOLUSDT,ask,143,209523.0
2024-08-21 12:53:40,SOLUSDT,ask,143,209523.0
2024-08-21 12:53:41,SOLUSDT,ask,143,209523.0
2024-08-21 12:53:41,SOLUSDT,ask,143,209473.0
2024-08-21 12:53:41,SOLUSDT,ask,143,209498.0
2024-08-21 12:53:43,SOLUSDT,ask,143,209509.0
2024-08-21 12:53:43,SOLUSDT,ask,143,209459.0
2024-08-21 12:53:44,SOLUSDT,ask,143,209448.0
2024-08-21 12:53:44,SOLUSDT,ask,143,209518.0
2024-08-21 12:53:46,SOLUSDT,ask,143,209519.0
2024-08-21 12:53:46,SOLUSDT,ask,143,209483.0
2024-08-21 12:53:47,SOLUSDT,ask,143,209448.0
2024-08-21 12:53:50,SOLUSDT,ask,143,209462.0
2024-08-21 12:53:53,SOLUSDT,ask,143,209498.0
2024-08-21 12:53:54,SOLUSDT,ask,143,209448.0
2024-08-21 12:53:54,SOLUSDT,ask,143,209498.0
2024-08-21 12:53:55,SOLUSDT,ask,143,209498.0
2024-08-21 12:53:55,SOLUSDT,ask,143,209448.0
2024-08-21 12:53:56,SOLUSDT,ask,143,209498.0
2024-08-21 12:53:56,SOLUSDT,ask,143,209448.0
2024-08-21 12:53:56,SOLUSDT,ask,143,209498.0
2024-08-21 12:53:57,SOLUSDT,ask,143,209462.0
2024-08-21 12:53:57,SOLUSDT,ask,143,209471.0
2024-08-21 12:53:57,SOLUSDT,ask,143,209462.0
2024-08-21 12:53:57,SOLUSDT,ask,143,209474.0
2024-08-21 12:53:57,SOLUSDT,ask,143,209513.0
2024-08-21 12:53:59,SOLUSDT,ask,143,209548.0
2024-08-21 12:54:00,SOLUSDT,ask,143,209587.0
2024-08-21 12:54:00,SOLUSDT,ask,143,209557.0
2024-08-21 12:54:00,SOLUSDT,ask,143,209607.0
2024-08-21 12:54:00,SOLUSDT,ask,143,209557.0
2024-08-21 12:54:00,SOLUSDT,ask,143,209567.0
2024-08-21 12:54:01,SOLUSDT,ask,143,209482.0
2024-08-21 12:54:01,SOLUSDT,ask,143,209521.0
2024-08-21 12:54:01,SOLUSDT,ask,143,209556.0
2024-08-21 12:54:02,SOLUSDT,ask,143,209486.0
2024-08-21 12:54:02,SOLUSDT,ask,143,209447.0
2024-08-21 12:54:02,SOLUSDT,ask,143,209478.0
2024-08-21 12:54:02,SOLUSDT,ask,143,209578.0
2024-08-21 12:54:02,SOLUSDT,ask,143,209478.0
2024-08-21 12:54:13,SOLUSDT,ask,143,209513.0
2024-08-21 12:54:15,SOLUSDT,ask,143,209513.0
2024-08-21 12:54:15,SOLUSDT,ask,143,209482.0
2024-08-21 12:54:16,SOLUSDT,ask,143,209447.0
2024-08-21 12:54:18,SOLUSDT,ask,143,209462.0
2024-08-21 12:54:19,SOLUSDT,ask,143,209476.0
2024-08-21 12:54:19,SOLUSDT,ask,143,209475.0
2024-08-21 12:54:22,SOLUSDT,ask,143,209461.0
2024-08-21 12:54:27,SOLUSDT,ask,143,209463.0
2024-08-21 12:54:28,SOLUSDT,ask,143,209534.0
2024-08-21 12:54:28,SOLUSDT,ask,143,209520.0
2024-08-21 12:54:29,SOLUSDT,ask,143,209449.0
2024-08-21 12:54:29,SOLUSDT,ask,143,209447.0
2024-08-21 12:54:30,SOLUSDT,ask,143,209477.0
2024-08-21 12:54:35,SOLUSDT,ask,143,209462.0
2024-08-21 12:54:35,SOLUSDT,ask,143,209447.0
2024-08-21 12:54:40,SOLUSDT,ask,143,209517.0
2024-08-21 12:54:47,SOLUSDT,ask,143,209447.0
2024-08-21 12:54:47,SOLUSDT,ask,143,209497.0
2024-08-21 12:54:47,SOLUSDT,ask,143,209447.0
2024-08-21 13:14:55,SOLUSDT,bid,143,83099.0
2024-08-21 13:15:05,SOLUSDT,bid,143,83036.0
2024-08-21 13:15:36,SOLUSDT,bid,143,83088.0
2024-08-21 13:15:36,SOLUSDT,bid,143,83094.0
2024-08-21 13:15:36,SOLUSDT,bid,143,83068.0
2024-08-21 13:15:36,SOLUSDT,bid,143,83042.0
2024-08-21 13:15:37,SOLUSDT,bid,143,83055.0
2024-08-21 13:15:38,SOLUSDT,bid,143,83049.0
2024-08-21 13:15:41,SOLUSDT,bid,143,83036.0
2024-08-21 13:16:54,SOLUSDT,bid,143,84539.0
2024-08-21 13:16:55,SOLUSDT,bid,143,84539.0
2024-08-21 13:16:55,SOLUSDT,bid,143,84539.0
2024-08-21 13:16:55,SOLUSDT,bid,143,83036.0
2024-08-21 13:17:01,SOLUSDT,bid,143,83042.0
2024-08-21 13:17:05,SOLUSDT,bid,143,83042.0
2024-08-21 13:17:08,SOLUSDT,bid,143,83042.0
2024-08-21 13:17:14,SOLUSDT,bid,143,83036.0
2024-08-21 13:17:22,SOLUSDT,bid,143,83056.0
2024-08-21 13:17:31,SOLUSDT,bid,143,83036.0
2024-08-21 13:17:41,SOLUSDT,bid,143,83037.0
2024-08-21 13:17:41,SOLUSDT,bid,143,83044.0
2024-08-21 13:17:43,SOLUSDT,bid,143,83043.0
2024-08-21 13:17:45,SOLUSDT,bid,143,83044.0
2024-08-21 13:18:01,SOLUSDT,bid,143,83043.0
2024-08-21 13:18:02,SOLUSDT,bid,143,83046.0
2024-08-21 13:18:03,SOLUSDT,bid,143,83039.0
2024-08-21 13:18:21,SOLUSDT,bid,143,82202.0
2024-08-21 13:18:21,SOLUSDT,bid,143,82321.0
2024-08-21 13:18:22,SOLUSDT,bid,143,82201.0
2024-08-21 13:18:24,SOLUSDT,bid,143,82129.0
2024-08-21 13:18:24,SOLUSDT,bid,143,82128.0
2024-08-21 13:18:41,SOLUSDT,bid,143,82130.0
2024-08-21 13:18:41,SOLUSDT,bid,143,82128.0
2024-08-21 13:19:05,SOLUSDT,bid,143,82125.0
2024-08-21 13:19:12,SOLUSDT,bid,143,82126.0
2024-08-21 13:19:20,SOLUSDT,bid,143,82130.0
2024-08-21 13:19:20,SOLUSDT,bid,143,82193.0
2024-08-21 13:19:21,SOLUSDT,bid,143,82221.0
2024-08-21 13:19:22,SOLUSDT,bid,143,82171.0
2024-08-21 13:19:22,SOLUSDT,bid,143,82157.0
2024-08-21 13:19:22,SOLUSDT,bid,143,82160.0
2024-08-21 13:19:24,SOLUSDT,bid,143,82177.0
2024-08-21 13:19:25,SOLUSDT,bid,143,82167.0
2024-08-21 13:19:25,SOLUSDT,bid,143,82184.0
2024-08-21 13:19:27,SOLUSDT,bid,143,82219.0
2024-08-21 13:19:27,SOLUSDT,bid,143,82253.0
2024-08-21 13:19:27,SOLUSDT,bid,143,82239.0
2024-08-21 13:19:30,SOLUSDT,bid,143,82211.0
2024-08-21 13:19:30,SOLUSDT,bid,143,82207.0
2024-08-21 13:19:30,SOLUSDT,bid,143,82199.0
2024-08-21 13:19:31,SOLUSDT,bid,143,82130.0
2024-08-21 13:19:33,SOLUSDT,bid,143,82129.0
2024-08-21 13:19:35,SOLUSDT,bid,143,82125.0
2024-08-21 13:19:38,SOLUSDT,bid,143,82126.0
2024-08-21 13:19:39,SOLUSDT,bid,143,82125.0
2024-08-21 13:20:04,SOLUSDT,bid,143,82393.0
2024-08-21 13:20:32,SOLUSDT,bid,143,82125.0
2024-08-21 13:20:33,SOLUSDT,bid,143,82199.0
2024-08-21 13:20:33,SOLUSDT,bid,143,82199.0
2024-08-21 13:20:38,SOLUSDT,bid,143,82201.0
2024-08-21 13:20:41,SOLUSDT,bid,143,82205.0
2024-08-21 13:20:43,SOLUSDT,bid,143,82134.0
2024-08-21 13:20:47,SOLUSDT,bid,143,82137.0
2024-08-21 13:20:48,SOLUSDT,bid,143,82201.0
2024-08-21 13:20:49,SOLUSDT,bid,143,82137.0
2024-08-21 13:20:49,SOLUSDT,bid,143,82134.0
2024-08-21 13:20:50,SOLUSDT,bid,143,82130.0
2024-08-21 13:20:53,SOLUSDT,bid,143,82128.0
2024-08-21 13:20:53,SOLUSDT,bid,143,82160.0
2024-08-21 13:20:53,SOLUSDT,bid,143,82219.0
2024-08-21 13:20:53,SOLUSDT,bid,143,82217.0
2024-08-21 13:20:54,SOLUSDT,bid,143,82125.0
2024-08-21 13:20:57,SOLUSDT,bid,143,82126.0
2024-08-21 13:20:58,SOLUSDT,bid,143,82125.0
2024-08-21 13:21:01,SOLUSDT,bid,143,82129.0
2024-08-21 13:21:04,SOLUSDT,bid,143,82136.0
2024-08-21 13:21:04,SOLUSDT,bid,143,82129.0
2024-08-21 13:21:10,SOLUSDT,bid,143,82125.0
2024-08-21 13:21:11,SOLUSDT,bid,143,82142.0
2024-08-21 13:21:40,SOLUSDT,bid,143,82142.0
2024-08-21 13:21:57,SOLUSDT,bid,143,82133.0
2024-08-21 13:22:02,SOLUSDT,bid,143,82125.0
2024-08-21 13:22:08,SOLUSDT,bid,143,82128.0
2024-08-21 13:22:32,SOLUSDT,bid,143,83267.0
2024-08-21 13:22:33,SOLUSDT,bid,143,82128.0
2024-08-21 13:22:48,SOLUSDT,bid,143,82166.0
2024-08-21 13:22:52,SOLUSDT,bid,143,82163.0
2024-08-21 13:23:13,SOLUSDT,bid,143,82184.0
2024-08-21 13:23:48,SOLUSDT,bid,143,82163.0
2024-08-21 13:24:15,SOLUSDT,bid,143,83395.0
2024-08-21 13:24:15,SOLUSDT,bid,143,82163.0
2024-08-21 13:24:19,SOLUSDT,bid,143,83393.0
2024-08-21 13:24:19,SOLUSDT,bid,143,82163.0
2024-08-21 13:24:23,SOLUSDT,bid,143,82163.0
2024-08-21 13:24:23,SOLUSDT,bid,143,83409.0
2024-08-21 13:24:23,SOLUSDT,bid,143,82163.0
2024-08-21 13:24:24,SOLUSDT,bid,143,83410.0
2024-08-21 13:24:25,SOLUSDT,bid,143,83410.0
2024-08-21 13:24:25,SOLUSDT,bid,143,82163.0
2024-08-21 13:24:26,SOLUSDT,bid,143,83412.0
2024-08-21 13:24:26,SOLUSDT,bid,143,82163.0
2024-08-21 13:24:53,SOLUSDT,bid,143,82163.0
2024-08-21 13:25:06,SOLUSDT,bid,143,82146.0
2024-08-21 13:25:39,SOLUSDT,bid,143,82125.0
2024-08-21 13:25:51,SOLUSDT,bid,143,82133.0
2024-08-21 13:26:00,SOLUSDT,bid,143,82125.0
2024-08-21 13:26:10,SOLUSDT,bid,143,82145.0
2024-08-21 13:33:05,SOLUSDT,bid,143,98541.0
2024-08-21 13:33:12,SOLUSDT,bid,143,98542.0
2024-08-21 13:33:13,SOLUSDT,bid,143,98545.0
2024-08-21 13:33:14,SOLUSDT,bid,143,98544.0
2024-08-21 13:33:16,SOLUSDT,bid,143,98539.0
2024-08-21 13:33:16,SOLUSDT,bid,143,98556.0
2024-08-21 13:33:17,SOLUSDT,bid,143,98569.0
2024-08-21 13:33:17,SOLUSDT,bid,143,98556.0
2024-08-21 13:33:17,SOLUSDT,bid,143,98556.0
2024-08-21 13:33:17,SOLUSDT,bid,143,98561.0
2024-08-21 13:33:18,SOLUSDT,bid,143,98544.0
2024-08-21 13:33:26,SOLUSDT,bid,143,98648.0
2024-08-21 13:33:27,SOLUSDT,bid,143,98544.0
2024-08-21 13:33:27,SOLUSDT,bid,143,98544.0
2024-08-21 13:33:28,SOLUSDT,bid,143,98636.0
2024-08-21 13:33:29,SOLUSDT,bid,143,98544.0
2024-08-21 13:33:40,SOLUSDT,bid,143,98539.0
2024-08-21 13:33:41,SOLUSDT,bid,143,98544.0
2024-08-21 13:33:43,SOLUSDT,bid,143,98666.0
2024-08-21 13:33:43,SOLUSDT,bid,143,98788.0
2024-08-21 13:33:45,SOLUSDT,bid,143,98544.0
2024-08-21 13:33:45,SOLUSDT,bid,143,98788.0
2024-08-21 13:33:45,SOLUSDT,bid,143,98545.0
2024-08-21 13:33:45,SOLUSDT,bid,143,98555.0
2024-08-21 13:33:47,SOLUSDT,bid,143,98550.0
2024-08-21 13:33:47,SOLUSDT,bid,143,98545.0
2024-08-21 13:33:47,SOLUSDT,bid,143,98595.0
2024-08-21 13:33:48,SOLUSDT,bid,143,98545.0
2024-08-21 13:35:32,SOLUSDT,bid,143,99147.0
2024-08-21 13:35:32,SOLUSDT,bid,143,99150.0
2024-08-21 13:35:32,SOLUSDT,bid,143,99140.0
2024-08-21 13:35:37,SOLUSDT,bid,143,100608.0
2024-08-21 13:35:37,SOLUSDT,bid,143,99140.0
2024-08-21 13:36:02,SOLUSDT,bid,143,99139.0
2024-08-21 13:36:05,SOLUSDT,bid,143,99142.0
2024-08-21 13:36:06,SOLUSDT,bid,143,99139.0
2024-08-21 13:36:09,SOLUSDT,bid,143,99142.0
2024-08-21 13:36:15,SOLUSDT,bid,143,99139.0
2024-08-21 13:36:15,SOLUSDT,bid,143,99142.0
2024-08-21 13:36:19,SOLUSDT,bid,143,99139.0
2024-08-21 13:36:21,SOLUSDT,bid,143,99149.0
2024-08-21 13:36:22,SOLUSDT,bid,143,99144.0
2024-08-21 13:36:23,SOLUSDT,bid,143,99388.0
2024-08-21 13:36:23,SOLUSDT,bid,143,99144.0
2024-08-21 13:36:27,SOLUSDT,bid,143,99284.0
2024-08-21 13:36:28,SOLUSDT,bid,143,99144.0
2024-08-21 13:36:29,SOLUSDT,bid,143,99152.0
2024-08-21 13:36:30,SOLUSDT,bid,143,99144.0
2024-08-21 13:36:33,SOLUSDT,bid,143,99152.0
2024-08-21 13:36:34,SOLUSDT,bid,143,99144.0
2024-08-21 13:49:37,SOLUSDT,bid,143,97042.0
2024-08-21 13:49:40,SOLUSDT,bid,143,97037.0
2024-08-21 13:49:45,SOLUSDT,bid,143,97159.0
2024-08-21 13:49:45,SOLUSDT,bid,143,97037.0
2024-08-21 13:49:46,SOLUSDT,bid,143,97060.0
2024-08-21 13:49:56,SOLUSDT,bid,143,97090.0
2024-08-21 13:49:56,SOLUSDT,bid,143,97060.0
2024-08-21 13:49:56,SOLUSDT,bid,143,97037.0
2024-08-21 13:49:57,SOLUSDT,bid,143,97087.0
2024-08-21 13:50:29,SOLUSDT,bid,143,111945.0
2024-08-21 13:50:30,SOLUSDT,bid,143,111942.0
2024-08-21 13:50:37,SOLUSDT,bid,143,111942.0
2024-08-21 13:50:44,SOLUSDT,bid,143,111946.0
2024-08-21 13:50:48,SOLUSDT,bid,143,111946.0
2024-08-21 13:50:50,SOLUSDT,bid,143,112068.0
2024-08-21 13:50:50,SOLUSDT,bid,143,111946.0
2024-08-21 13:50:55,SOLUSDT,bid,143,112068.0
2024-08-21 13:50:55,SOLUSDT,bid,143,111946.0
2024-08-21 13:51:03,SOLUSDT,bid,143,111964.0
2024-08-21 13:51:05,SOLUSDT,bid,143,112685.0
2024-08-21 13:51:05,SOLUSDT,bid,143,111964.0
2024-08-21 13:51:32,SOLUSDT,bid,143,111967.0
2024-08-21 13:51:36,SOLUSDT,bid,143,111964.0
2024-08-21 13:51:37,SOLUSDT,bid,143,111969.0
2024-08-21 13:51:38,SOLUSDT,bid,143,111969.0
2024-08-21 13:51:39,SOLUSDT,bid,143,111964.0
2024-08-21 13:53:27,SOLUSDT,bid,143,112995.0
2024-08-21 13:53:27,SOLUSDT,bid,143,113042.0
2024-08-21 13:53:27,SOLUSDT,bid,143,113071.0
2024-08-21 13:53:28,SOLUSDT,bid,143,113070.0
2024-08-21 13:53:28,SOLUSDT,bid,143,112966.0
2024-08-21 13:53:28,SOLUSDT,bid,143,113070.0
2024-08-21 13:53:30,SOLUSDT,bid,143,112966.0
2024-08-21 13:53:33,SOLUSDT,bid,143,112967.0
2024-08-21 13:53:35,SOLUSDT,bid,143,112956.0
2024-08-21 13:53:51,SOLUSDT,bid,143,112955.0
2024-08-21 13:53:51,SOLUSDT,bid,143,112961.0
2024-08-21 13:53:51,SOLUSDT,bid,143,113035.0
2024-08-21 13:53:52,SOLUSDT,bid,143,112985.0
2024-08-21 13:53:52,SOLUSDT,bid,143,113035.0
2024-08-21 13:53:52,SOLUSDT,bid,143,112985.0
2024-08-21 13:53:52,SOLUSDT,bid,143,113011.0
2024-08-21 13:53:53,SOLUSDT,bid,143,113011.0
2024-08-21 13:53:53,SOLUSDT,bid,143,112961.0
2024-08-21 13:53:53,SOLUSDT,bid,143,113011.0
2024-08-21 13:53:54,SOLUSDT,bid,143,112961.0
2024-08-21 13:53:54,SOLUSDT,bid,143,113011.0
2024-08-21 13:53:55,SOLUSDT,bid,143,113011.0
2024-08-21 13:53:55,SOLUSDT,bid,143,113011.0
2024-08-21 13:53:56,SOLUSDT,bid,143,113011.0
2024-08-21 13:53:57,SOLUSDT,bid,143,113011.0
2024-08-21 13:53:57,SOLUSDT,bid,143,113011.0
2024-08-21 13:53:58,SOLUSDT,bid,143,112961.0
2024-08-21 13:53:58,SOLUSDT,bid,143,113011.0
2024-08-21 13:53:59,SOLUSDT,bid,143,112961.0
2024-08-21 13:53:59,SOLUSDT,bid,143,113011.0
2024-08-21 13:53:59,SOLUSDT,bid,143,112961.0
2024-08-21 13:53:59,SOLUSDT,bid,143,113011.0
2024-08-21 13:54:00,SOLUSDT,bid,143,112961.0
2024-08-21 13:54:00,SOLUSDT,bid,143,113011.0
2024-08-21 13:54:01,SOLUSDT,bid,143,113026.0
2024-08-21 13:54:01,SOLUSDT,bid,143,112976.0
2024-08-21 13:54:01,SOLUSDT,bid,143,113026.0
2024-08-21 13:54:01,SOLUSDT,bid,143,112976.0
2024-08-21 13:54:02,SOLUSDT,bid,143,113026.0
2024-08-21 13:54:02,SOLUSDT,bid,143,112976.0
2024-08-21 13:54:02,SOLUSDT,bid,143,113026.0
2024-08-21 13:54:03,SOLUSDT,bid,143,113026.0
2024-08-21 13:54:04,SOLUSDT,bid,143,112976.0
2024-08-21 13:54:04,SOLUSDT,bid,143,113026.0
2024-08-21 13:54:05,SOLUSDT,bid,143,113026.0
2024-08-21 13:54:05,SOLUSDT,bid,143,113011.0
2024-08-21 13:54:06,SOLUSDT,bid,143,112976.0
2024-08-21 13:54:06,SOLUSDT,bid,143,113026.0
2024-08-21 13:54:08,SOLUSDT,bid,143,112976.0
2024-08-21 13:54:08,SOLUSDT,bid,143,113026.0
2024-08-21 13:54:08,SOLUSDT,bid,143,112970.0
2024-08-21 13:54:08,SOLUSDT,bid,143,113020.0
2024-08-21 13:54:08,SOLUSDT,bid,143,113020.0
2024-08-21 13:54:08,SOLUSDT,bid,143,112970.0
2024-08-21 13:54:08,SOLUSDT,bid,143,113020.0
2024-08-21 13:54:08,SOLUSDT,bid,143,112970.0
2024-08-21 13:54:08,SOLUSDT,bid,143,113020.0
2024-08-21 13:54:09,SOLUSDT,bid,143,112970.0
2024-08-21 13:54:09,SOLUSDT,bid,143,113027.0
2024-08-21 13:54:10,SOLUSDT,bid,143,113027.0
2024-08-21 13:54:10,SOLUSDT,bid,143,112977.0
2024-08-21 13:54:10,SOLUSDT,bid,143,113027.0
2024-08-21 13:54:10,SOLUSDT,bid,143,113006.0
2024-08-21 13:54:10,SOLUSDT,bid,143,112956.0
2024-08-21 13:54:11,SOLUSDT,bid,143,113006.0
2024-08-21 13:54:12,SOLUSDT,bid,143,112956.0
2024-08-21 13:54:12,SOLUSDT,bid,143,113006.0
2024-08-21 13:54:13,SOLUSDT,bid,143,112956.0
2024-08-21 13:54:13,SOLUSDT,bid,143,113006.0
2024-08-21 13:54:13,SOLUSDT,bid,143,113005.0
2024-08-21 13:54:13,SOLUSDT,bid,143,112955.0
2024-08-21 13:54:14,SOLUSDT,bid,143,113005.0
2024-08-21 13:54:14,SOLUSDT,bid,143,112955.0
2024-08-21 13:54:14,SOLUSDT,bid,143,113005.0
2024-08-21 13:54:15,SOLUSDT,bid,143,112955.0
2024-08-21 13:54:15,SOLUSDT,bid,143,112955.0
2024-08-21 13:54:15,SOLUSDT,bid,143,112955.0
2024-08-21 13:54:15,SOLUSDT,bid,143,113005.0
2024-08-21 13:54:15,SOLUSDT,bid,143,113006.0
2024-08-21 13:54:15,SOLUSDT,bid,143,112956.0
2024-08-21 13:54:16,SOLUSDT,bid,143,113006.0
2024-08-21 13:54:16,SOLUSDT,bid,143,113031.0
2024-08-21 13:54:16,SOLUSDT,bid,143,112981.0
2024-08-21 13:54:16,SOLUSDT,bid,143,113031.0
2024-08-21 13:54:16,SOLUSDT,bid,143,112981.0
2024-08-21 13:54:16,SOLUSDT,bid,143,113031.0
2024-08-21 13:54:16,SOLUSDT,bid,143,113031.0
2024-08-21 13:54:17,SOLUSDT,bid,143,112981.0
2024-08-21 13:54:18,SOLUSDT,bid,143,113031.0
2024-08-21 13:54:19,SOLUSDT,bid,143,112981.0
2024-08-21 13:54:19,SOLUSDT,bid,143,113031.0
2024-08-21 13:54:19,SOLUSDT,bid,143,112981.0
2024-08-21 13:54:19,SOLUSDT,bid,143,113031.0
2024-08-21 13:54:20,SOLUSDT,bid,143,112981.0
2024-08-21 13:54:20,SOLUSDT,bid,143,113031.0
2024-08-21 13:54:20,SOLUSDT,bid,143,112981.0
2024-08-21 13:54:20,SOLUSDT,bid,143,113031.0
2024-08-21 13:54:21,SOLUSDT,bid,143,113031.0
2024-08-21 13:54:22,SOLUSDT,bid,143,112981.0
2024-08-21 13:54:22,SOLUSDT,bid,143,113031.0
2024-08-21 13:54:23,SOLUSDT,bid,143,112981.0
2024-08-21 13:54:23,SOLUSDT,bid,143,113031.0
2024-08-21 13:54:23,SOLUSDT,bid,143,112981.0
2024-08-21 13:54:23,SOLUSDT,bid,143,113031.0
2024-08-21 13:54:23,SOLUSDT,bid,143,112981.0
2024-08-21 13:54:23,SOLUSDT,bid,143,113031.0
2024-08-21 13:54:24,SOLUSDT,bid,143,112981.0
2024-08-21 13:54:24,SOLUSDT,bid,143,112981.0
2024-08-21 13:54:24,SOLUSDT,bid,143,113031.0
2024-08-21 13:54:24,SOLUSDT,bid,143,112981.0
2024-08-21 13:54:25,SOLUSDT,bid,143,113040.0
2024-08-21 13:54:25,SOLUSDT,bid,143,113014.0
2024-08-21 13:54:40,SOLUSDT,bid,143,109476.0
2024-08-21 13:54:41,SOLUSDT,bid,143,109535.0
2024-08-21 13:54:41,SOLUSDT,bid,143,109494.0
2024-08-21 13:54:41,SOLUSDT,bid,143,109493.0
2024-08-21 13:54:41,SOLUSDT,bid,143,109488.0
2024-08-21 13:54:42,SOLUSDT,bid,143,109486.0
2024-08-21 13:54:42,SOLUSDT,bid,143,109590.0
2024-08-21 13:54:42,SOLUSDT,bid,143,109486.0
2024-08-21 13:54:43,SOLUSDT,bid,143,109590.0
2024-08-21 13:54:43,SOLUSDT,bid,143,109485.0
2024-08-21 13:54:47,SOLUSDT,bid,143,109484.0
2024-08-21 13:54:50,SOLUSDT,bid,143,109487.0
2024-08-21 13:54:58,SOLUSDT,bid,143,109502.0
2024-08-21 13:54:58,SOLUSDT,bid,143,109487.0
2024-08-21 13:54:58,SOLUSDT,bid,143,109502.0
2024-08-21 13:54:59,SOLUSDT,bid,143,109487.0
2024-08-21 13:55:00,SOLUSDT,bid,143,109484.0
2024-08-21 13:55:06,SOLUSDT,bid,143,109588.0
2024-08-21 13:55:07,SOLUSDT,bid,143,109484.0
2024-08-21 13:55:16,SOLUSDT,bid,143,109489.0
2024-08-21 13:55:18,SOLUSDT,bid,143,109539.0
2024-08-21 13:55:18,SOLUSDT,bid,143,109489.0
2024-08-21 13:55:20,SOLUSDT,bid,143,109539.0
2024-08-21 13:55:20,SOLUSDT,bid,143,109539.0
2024-08-21 13:55:21,SOLUSDT,bid,143,109489.0
2024-08-21 13:55:22,SOLUSDT,bid,143,109539.0
2024-08-21 13:55:22,SOLUSDT,bid,143,109489.0
2024-08-21 13:55:23,SOLUSDT,bid,143,109539.0
2024-08-21 13:55:24,SOLUSDT,bid,143,109489.0
2024-08-21 13:55:25,SOLUSDT,bid,143,109539.0
2024-08-21 13:55:25,SOLUSDT,bid,143,109484.0
2024-08-21 13:55:25,SOLUSDT,bid,143,109485.0
2024-08-21 13:55:26,SOLUSDT,bid,143,109486.0
2024-08-21 13:55:28,SOLUSDT,bid,143,109477.0
2024-08-21 13:55:29,SOLUSDT,bid,143,109497.0
2024-08-21 13:55:38,SOLUSDT,bid,143,109511.0
2024-08-21 13:55:44,SOLUSDT,bid,143,109511.0
2024-08-21 13:55:59,SOLUSDT,bid,143,109532.0
2024-08-21 13:56:00,SOLUSDT,bid,143,109518.0
2024-08-21 13:56:01,SOLUSDT,bid,143,109521.0
2024-08-21 13:56:02,SOLUSDT,bid,143,109518.0
2024-08-21 13:56:07,SOLUSDT,bid,143,109521.0
2024-08-21 13:56:07,SOLUSDT,bid,143,109538.0
2024-08-21 13:56:09,SOLUSDT,bid,143,109518.0
2024-08-21 13:56:17,SOLUSDT,bid,143,109521.0
2024-08-21 13:56:19,SOLUSDT,bid,143,109518.0
2024-08-21 13:56:22,SOLUSDT,bid,143,109560.0
2024-08-21 13:56:31,SOLUSDT,bid,143,109539.0
2024-08-21 13:56:31,SOLUSDT,bid,143,109518.0
2024-08-21 13:56:31,SOLUSDT,bid,143,109497.0
2024-08-21 13:56:32,SOLUSDT,bid,143,109521.0
2024-08-21 13:56:42,SOLUSDT,bid,143,109500.0
2024-08-21 13:57:00,SOLUSDT,bid,143,109586.0
2024-08-21 13:57:02,SOLUSDT,bid,143,109482.0
2024-08-21 13:57:10,SOLUSDT,bid,143,109483.0
2024-08-21 13:57:10,SOLUSDT,bid,143,109498.0
2024-08-21 13:57:12,SOLUSDT,bid,143,109483.0
2024-08-21 13:57:18,SOLUSDT,bid,143,109587.0
2024-08-21 13:57:20,SOLUSDT,bid,143,109483.0
2024-08-21 13:57:21,SOLUSDT,bid,143,109488.0
2024-08-21 13:57:21,SOLUSDT,bid,143,109483.0
2024-08-21 13:57:22,SOLUSDT,bid,143,109482.0
2024-08-21 13:57:22,SOLUSDT,bid,143,109532.0
2024-08-21 13:57:23,SOLUSDT,bid,143,109482.0
2024-08-21 13:57:23,SOLUSDT,bid,143,109532.0
2024-08-21 13:57:23,SOLUSDT,bid,143,109482.0
2024-08-21 13:57:23,SOLUSDT,bid,143,109532.0
2024-08-21 13:57:24,SOLUSDT,bid,143,109532.0
2024-08-21 13:57:24,SOLUSDT,bid,143,109482.0
2024-08-21 13:57:25,SOLUSDT,bid,143,109532.0
2024-08-21 13:57:25,SOLUSDT,bid,143,109482.0
2024-08-21 13:57:25,SOLUSDT,bid,143,109532.0
2024-08-21 13:57:26,SOLUSDT,bid,143,109482.0
2024-08-21 13:57:26,SOLUSDT,bid,143,109532.0
2024-08-21 13:57:27,SOLUSDT,bid,143,109482.0
2024-08-21 13:57:27,SOLUSDT,bid,143,109532.0
2024-08-21 13:57:27,SOLUSDT,bid,143,109482.0
2024-08-21 13:57:28,SOLUSDT,bid,143,109532.0
2024-08-21 13:57:28,SOLUSDT,bid,143,109482.0
2024-08-21 13:57:28,SOLUSDT,bid,143,109532.0
2024-08-21 13:57:29,SOLUSDT,bid,143,109526.0
2024-08-21 13:57:29,SOLUSDT,bid,143,109476.0
2024-08-21 13:57:30,SOLUSDT,bid,143,109526.0
2024-08-21 13:57:30,SOLUSDT,bid,143,109476.0
2024-08-21 13:57:31,SOLUSDT,bid,143,109526.0
2024-08-21 13:57:31,SOLUSDT,bid,143,109476.0
2024-08-21 13:57:31,SOLUSDT,bid,143,109526.0
2024-08-21 13:57:32,SOLUSDT,bid,143,109476.0
2024-08-21 13:57:32,SOLUSDT,bid,143,109526.0
2024-08-21 13:57:33,SOLUSDT,bid,143,109476.0
2024-08-21 13:57:33,SOLUSDT,bid,143,109526.0
2024-08-21 13:57:33,SOLUSDT,bid,143,109476.0
2024-08-21 13:57:33,SOLUSDT,bid,143,109526.0
2024-08-21 13:57:34,SOLUSDT,bid,143,109476.0
2024-08-21 13:57:34,SOLUSDT,bid,143,109526.0
2024-08-21 13:57:35,SOLUSDT,bid,143,109476.0
2024-08-21 13:57:35,SOLUSDT,bid,143,109477.0
2024-08-21 13:57:35,SOLUSDT,bid,143,109482.0
2024-08-21 13:57:35,SOLUSDT,bid,143,109553.0
2024-08-21 13:57:36,SOLUSDT,bid,143,109657.0
2024-08-21 13:57:39,SOLUSDT,bid,143,109553.0
2024-08-21 13:57:40,SOLUSDT,bid,143,109657.0
2024-08-21 13:57:41,SOLUSDT,bid,143,109553.0
2024-08-21 13:57:44,SOLUSDT,bid,143,109548.0
2024-08-21 13:57:56,SOLUSDT,bid,143,109554.0
2024-08-21 13:57:56,SOLUSDT,bid,143,109483.0
2024-08-21 13:57:59,SOLUSDT,bid,143,109533.0
2024-08-21 13:57:59,SOLUSDT,bid,143,109533.0
2024-08-21 13:58:00,SOLUSDT,bid,143,109483.0
2024-08-21 13:58:00,SOLUSDT,bid,143,109533.0
2024-08-21 13:58:00,SOLUSDT,bid,143,109483.0
2024-08-21 13:58:01,SOLUSDT,bid,143,109487.0
2024-08-21 13:58:01,SOLUSDT,bid,143,109537.0
2024-08-21 13:58:01,SOLUSDT,bid,143,109537.0
2024-08-21 13:58:02,SOLUSDT,bid,143,109537.0
2024-08-21 13:58:02,SOLUSDT,bid,143,109487.0
2024-08-21 13:58:02,SOLUSDT,bid,143,109537.0
2024-08-21 13:58:03,SOLUSDT,bid,143,109487.0
2024-08-21 13:58:03,SOLUSDT,bid,143,109537.0
2024-08-21 13:58:04,SOLUSDT,bid,143,109537.0
2024-08-21 13:58:04,SOLUSDT,bid,143,109531.0
2024-08-21 13:58:04,SOLUSDT,bid,143,109481.0
2024-08-21 13:58:10,SOLUSDT,bid,143,109477.0
2024-08-21 13:58:13,SOLUSDT,bid,143,109527.0
2024-08-21 13:58:13,SOLUSDT,bid,143,109477.0
2024-08-21 13:58:13,SOLUSDT,bid,143,109581.0
2024-08-21 13:58:14,SOLUSDT,bid,143,109477.0
2024-08-21 13:58:14,SOLUSDT,bid,143,109581.0
2024-08-21 13:58:14,SOLUSDT,bid,143,109477.0
2024-08-21 13:58:19,SOLUSDT,bid,143,109476.0
2024-08-21 13:58:20,SOLUSDT,bid,143,109479.0
2024-08-21 13:58:21,SOLUSDT,bid,143,109482.0
2024-08-21 13:58:27,SOLUSDT,bid,143,109479.0
2024-08-21 13:58:28,SOLUSDT,bid,143,109492.0
2024-08-21 13:58:31,SOLUSDT,bid,143,109614.0
2024-08-21 13:58:32,SOLUSDT,bid,143,109492.0
2024-08-21 13:58:42,SOLUSDT,bid,143,109501.0
2024-08-21 13:58:42,SOLUSDT,bid,143,109503.0
2024-08-21 13:58:45,SOLUSDT,bid,143,109501.0
2024-08-21 13:58:51,SOLUSDT,bid,143,109492.0
2024-08-21 13:58:52,SOLUSDT,bid,143,109495.0
2024-08-21 13:58:53,SOLUSDT,bid,143,109492.0
2024-08-21 13:58:54,SOLUSDT,bid,143,109614.0
2024-08-21 13:58:54,SOLUSDT,bid,143,111977.0
2024-08-21 13:58:54,SOLUSDT,bid,143,109492.0
2024-08-21 13:58:55,SOLUSDT,bid,143,109492.0
2024-08-21 13:58:55,SOLUSDT,bid,143,111733.0
2024-08-21 13:58:55,SOLUSDT,bid,143,109492.0
2024-08-21 13:58:56,SOLUSDT,bid,143,111397.0
2024-08-21 13:58:57,SOLUSDT,bid,143,109492.0
2024-08-21 13:58:57,SOLUSDT,bid,143,109492.0
2024-08-21 13:59:00,SOLUSDT,bid,143,109495.0
2024-08-21 13:59:01,SOLUSDT,bid,143,109492.0
2024-08-21 13:59:02,SOLUSDT,bid,143,109489.0
2024-08-21 13:59:02,SOLUSDT,bid,143,109493.0
2024-08-21 13:59:04,SOLUSDT,bid,143,109498.0
2024-08-21 13:59:14,SOLUSDT,bid,143,109501.0
2024-08-21 13:59:16,SOLUSDT,bid,143,109498.0
2024-08-21 13:59:31,SOLUSDT,bid,143,109508.0
2024-08-21 13:59:32,SOLUSDT,bid,143,109509.0
2024-08-21 13:59:45,SOLUSDT,bid,143,109496.0
2024-08-21 13:59:46,SOLUSDT,bid,143,109495.0
2024-08-21 13:59:59,SOLUSDT,bid,143,109491.0
2024-08-21 14:00:01,SOLUSDT,bid,143,109495.0
2024-08-21 14:00:01,SOLUSDT,bid,143,109493.0
2024-08-21 14:00:02,SOLUSDT,bid,143,109496.0
2024-08-21 14:00:02,SOLUSDT,bid,143,109483.0
2024-08-21 14:00:03,SOLUSDT,bid,143,109486.0
2024-08-21 14:00:03,SOLUSDT,bid,143,109483.0
2024-08-21 14:00:04,SOLUSDT,bid,143,109480.0
2024-08-21 14:00:10,SOLUSDT,bid,143,109476.0
2024-08-21 14:00:11,SOLUSDT,bid,143,109720.0
2024-08-21 14:00:12,SOLUSDT,bid,143,109476.0
2024-08-21 14:00:12,SOLUSDT,bid,143,109720.0
2024-08-21 14:00:13,SOLUSDT,bid,143,109476.0
2024-08-21 14:00:14,SOLUSDT,bid,143,109720.0
2024-08-21 14:00:16,SOLUSDT,bid,143,109476.0
2024-08-21 14:00:16,SOLUSDT,bid,143,109476.0
2024-08-21 14:00:16,SOLUSDT,bid,143,110416.0
2024-08-21 14:00:17,SOLUSDT,bid,143,109476.0
2024-08-21 14:00:17,SOLUSDT,bid,143,110416.0
2024-08-21 14:00:17,SOLUSDT,bid,143,110416.0
2024-08-21 14:00:17,SOLUSDT,bid,143,109476.0
2024-08-21 14:00:18,SOLUSDT,bid,143,109720.0
2024-08-21 14:00:18,SOLUSDT,bid,143,109476.0
2024-08-21 14:00:26,SOLUSDT,bid,143,109720.0
2024-08-21 14:00:28,SOLUSDT,bid,143,109476.0
2024-08-21 14:00:33,SOLUSDT,bid,143,109476.0
2024-08-21 14:00:36,SOLUSDT,bid,143,109479.0
2024-08-21 14:00:42,SOLUSDT,bid,143,109476.0
2024-08-21 14:00:42,SOLUSDT,bid,143,109479.0
2024-08-21 14:00:43,SOLUSDT,bid,143,109476.0
2024-08-21 14:00:45,SOLUSDT,bid,143,109479.0
2024-08-21 14:00:46,SOLUSDT,bid,143,109480.0
2024-08-21 14:00:46,SOLUSDT,bid,143,109477.0
2024-08-21 14:00:48,SOLUSDT,ask,178,35072.0
2024-08-21 14:00:58,SOLUSDT,bid,143,109477.0
2024-08-21 14:01:00,SOLUSDT,bid,143,109617.0
2024-08-21 14:01:00,SOLUSDT,bid,143,109624.0
2024-08-21 14:01:01,SOLUSDT,bid,143,109484.0
2024-08-21 14:02:30,SOLUSDT,bid,143,112046.0
2024-08-21 14:02:32,SOLUSDT,bid,143,112307.0
2024-08-21 14:02:32,SOLUSDT,bid,143,112063.0
2024-08-21 14:02:35,SOLUSDT,bid,143,112046.0
2024-08-21 14:02:38,SOLUSDT,bid,143,112046.0
2024-08-21 14:02:39,SOLUSDT,bid,143,112049.0
2024-08-21 14:02:40,SOLUSDT,bid,143,114099.0
2024-08-21 14:02:40,SOLUSDT,bid,143,112049.0
2024-08-21 14:02:44,SOLUSDT,bid,143,112051.0
2024-08-21 14:02:49,SOLUSDT,bid,143,112064.0
2024-08-21 14:02:57,SOLUSDT,bid,143,112064.0
2024-08-21 14:02:57,SOLUSDT,bid,143,112064.0
2024-08-21 14:02:59,SOLUSDT,bid,143,113041.0
2024-08-21 14:02:59,SOLUSDT,bid,143,112064.0
2024-08-21 14:03:01,SOLUSDT,bid,143,112064.0
2024-08-21 14:03:17,SOLUSDT,bid,143,112051.0
2024-08-21 14:03:28,SOLUSDT,bid,143,112043.0
2024-08-21 14:03:45,SOLUSDT,bid,143,112026.0
2024-08-21 14:03:48,SOLUSDT,bid,143,112515.0
2024-08-21 14:03:58,SOLUSDT,bid,143,112026.0
2024-08-21 14:03:58,SOLUSDT,bid,143,112270.0
2024-08-21 14:03:58,SOLUSDT,bid,143,112026.0
2024-08-21 14:04:28,SOLUSDT,bid,143,112026.0
2024-08-21 14:04:33,SOLUSDT,bid,143,112026.0
2024-08-21 14:04:46,SOLUSDT,bid,143,112026.0
2024-08-21 14:04:56,SOLUSDT,bid,143,112086.0
2024-08-21 14:04:56,SOLUSDT,bid,143,112026.0
2024-08-21 14:05:01,SOLUSDT,bid,143,112032.0
2024-08-21 14:05:03,SOLUSDT,bid,143,112029.0
2024-08-21 14:05:09,SOLUSDT,bid,143,111995.0
2024-08-21 14:05:11,SOLUSDT,bid,143,112055.0
2024-08-21 14:05:11,SOLUSDT,bid,143,111995.0
2024-08-21 14:05:12,SOLUSDT,bid,143,111989.0
2024-08-21 14:05:53,SOLUSDT,bid,143,111988.0
2024-08-21 14:05:53,SOLUSDT,bid,143,112124.0
2024-08-21 14:06:47,SOLUSDT,bid,143,112396.0
2024-08-21 14:06:56,SOLUSDT,bid,143,112124.0
2024-08-21 14:07:00,SOLUSDT,bid,143,111988.0
2024-08-21 14:07:05,SOLUSDT,bid,143,111986.0
2024-08-21 14:07:08,SOLUSDT,bid,143,111985.0
2024-08-21 14:07:30,SOLUSDT,bid,143,111987.0
2024-08-21 14:07:31,SOLUSDT,bid,143,111985.0
2024-08-21 14:07:31,SOLUSDT,bid,143,111987.0
2024-08-21 14:07:36,SOLUSDT,bid,143,111989.0
2024-08-21 14:08:51,SOLUSDT,bid,143,111987.0
2024-08-21 14:08:53,SOLUSDT,bid,143,111977.0
2024-08-21 14:09:33,SOLUSDT,bid,143,111939.0
2024-08-21 14:10:15,SOLUSDT,bid,143,111937.0
2024-08-21 14:12:11,SOLUSDT,bid,143,111939.0
2024-08-21 14:12:11,SOLUSDT,bid,143,111937.0
2024-08-21 14:12:11,SOLUSDT,bid,143,111939.0
2024-08-21 14:12:12,SOLUSDT,bid,143,111945.0
2024-08-21 14:12:14,SOLUSDT,bid,143,111939.0
2024-08-21 14:12:36,SOLUSDT,bid,143,111945.0
2024-08-21 14:12:36,SOLUSDT,bid,143,111939.0
2024-08-21 14:12:37,SOLUSDT,bid,143,111945.0
2024-08-21 14:12:37,SOLUSDT,bid,143,111945.0
2024-08-21 14:12:38,SOLUSDT,bid,143,111939.0
2024-08-21 14:13:12,SOLUSDT,bid,143,111940.0
2024-08-21 14:13:19,SOLUSDT,bid,143,111933.0
2024-08-21 14:13:22,SOLUSDT,bid,143,111934.0
2024-08-21 14:13:26,SOLUSDT,bid,143,111935.0
2024-08-21 14:15:16,SOLUSDT,bid,143,111934.0
2024-08-21 14:16:27,SOLUSDT,bid,143,120167.0
2024-08-21 14:16:28,SOLUSDT,bid,143,120167.0
2024-08-21 14:17:23,SOLUSDT,bid,143,120654.0
2024-08-21 14:17:25,SOLUSDT,bid,143,120167.0
2024-08-21 14:17:35,SOLUSDT,bid,143,120167.0
2024-08-21 14:17:35,SOLUSDT,bid,143,120411.0
2024-08-21 14:17:36,SOLUSDT,bid,143,120167.0
2024-08-21 14:17:51,SOLUSDT,bid,143,120167.0
2024-08-21 14:18:00,SOLUSDT,bid,143,120168.0
2024-08-21 14:19:01,SOLUSDT,bid,143,120174.0
2024-08-21 14:19:05,SOLUSDT,bid,143,120296.0
2024-08-21 14:19:05,SOLUSDT,bid,143,120174.0
2024-08-21 14:19:10,SOLUSDT,bid,143,120168.0
2024-08-21 14:19:24,SOLUSDT,bid,143,120237.0
2024-08-21 14:19:24,SOLUSDT,bid,143,120168.0
2024-08-21 14:19:43,SOLUSDT,bid,143,120655.0
2024-08-21 14:19:44,SOLUSDT,bid,143,120168.0
2024-08-21 14:19:44,SOLUSDT,bid,143,120228.0
2024-08-21 14:19:44,SOLUSDT,bid,143,120168.0
2024-08-21 14:19:50,SOLUSDT,bid,143,120168.0
2024-08-21 14:20:01,SOLUSDT,bid,143,120310.0
2024-08-21 14:20:02,SOLUSDT,bid,143,120188.0
2024-08-21 14:20:30,SOLUSDT,bid,143,120201.0
2024-08-21 14:20:31,SOLUSDT,bid,143,120188.0
2024-08-21 14:20:31,SOLUSDT,bid,143,120201.0
2024-08-21 14:20:31,SOLUSDT,bid,143,120188.0
2024-08-21 14:20:33,SOLUSDT,bid,143,120201.0
2024-08-21 14:20:35,SOLUSDT,bid,143,120188.0
2024-08-21 14:20:37,SOLUSDT,bid,143,120201.0
2024-08-21 14:20:38,SOLUSDT,bid,143,120188.0
2024-08-21 14:20:40,SOLUSDT,bid,143,120201.0
2024-08-21 14:20:41,SOLUSDT,bid,143,120188.0
2024-08-21 14:20:41,SOLUSDT,bid,143,120201.0
2024-08-21 14:20:41,SOLUSDT,bid,143,120188.0
2024-08-21 14:20:45,SOLUSDT,bid,143,120201.0
2024-08-21 14:20:46,SOLUSDT,bid,143,120188.0
2024-08-21 14:20:50,SOLUSDT,bid,143,120168.0
2024-08-21 14:21:28,SOLUSDT,bid,143,120181.0
2024-08-21 14:21:28,SOLUSDT,bid,143,120168.0
2024-08-21 14:21:29,SOLUSDT,bid,143,120181.0
2024-08-21 14:21:29,SOLUSDT,bid,143,120168.0
2024-08-21 14:21:32,SOLUSDT,bid,143,120181.0
2024-08-21 14:21:32,SOLUSDT,bid,143,120168.0
2024-08-21 14:21:33,SOLUSDT,bid,143,120181.0
2024-08-21 14:21:34,SOLUSDT,bid,143,120168.0
2024-08-21 14:21:35,SOLUSDT,bid,143,120181.0
2024-08-21 14:21:35,SOLUSDT,bid,143,120168.0
2024-08-21 14:21:47,SOLUSDT,bid,143,120181.0
2024-08-21 14:21:47,SOLUSDT,bid,143,120168.0
2024-08-21 14:21:48,SOLUSDT,bid,143,120181.0
2024-08-21 14:21:51,SOLUSDT,bid,143,120168.0
2024-08-21 14:21:52,SOLUSDT,bid,143,120181.0
2024-08-21 14:21:59,SOLUSDT,bid,143,120168.0
2024-08-21 14:21:59,SOLUSDT,bid,143,120181.0
2024-08-21 14:21:59,SOLUSDT,bid,143,120156.0
2024-08-21 14:22:05,SOLUSDT,bid,143,120169.0
2024-08-21 14:22:06,SOLUSDT,bid,143,120156.0
2024-08-21 14:22:06,SOLUSDT,bid,143,120169.0
2024-08-21 14:22:07,SOLUSDT,bid,143,120156.0
2024-08-21 14:22:13,SOLUSDT,bid,143,120169.0
2024-08-21 14:22:14,SOLUSDT,bid,143,120156.0
2024-08-21 14:22:28,SOLUSDT,bid,143,120201.0
2024-08-21 14:22:35,SOLUSDT,bid,143,120177.0
2024-08-21 14:22:36,SOLUSDT,bid,143,120156.0
2024-08-21 14:23:01,SOLUSDT,bid,143,120156.0
2024-08-21 14:23:01,SOLUSDT,bid,143,120278.0
2024-08-21 14:23:03,SOLUSDT,bid,143,120156.0
2024-08-21 14:23:07,SOLUSDT,bid,143,120158.0
2024-08-21 14:23:09,SOLUSDT,bid,143,120402.0
2024-08-21 14:23:09,SOLUSDT,bid,143,120158.0
2024-08-21 14:23:10,SOLUSDT,bid,143,120402.0
2024-08-21 14:23:12,SOLUSDT,bid,143,120158.0
2024-08-21 14:23:12,SOLUSDT,bid,143,120158.0
2024-08-21 14:23:14,SOLUSDT,bid,143,120159.0
2024-08-21 14:23:20,SOLUSDT,bid,143,120403.0
2024-08-21 14:23:27,SOLUSDT,bid,143,120159.0
2024-08-21 14:23:40,SOLUSDT,bid,143,120167.0
2024-08-21 14:23:50,SOLUSDT,bid,143,120170.0
2024-08-21 14:23:51,SOLUSDT,bid,143,120162.0
2024-08-21 14:23:51,SOLUSDT,bid,143,120166.0
2024-08-21 14:24:16,SOLUSDT,bid,143,131091.0
2024-08-21 14:24:16,SOLUSDT,bid,143,131092.0
2024-08-21 14:24:16,SOLUSDT,bid,143,131092.0
2024-08-21 14:24:35,SOLUSDT,bid,143,131092.0
2024-08-21 14:24:35,SOLUSDT,bid,143,131092.0
2024-08-21 14:24:35,SOLUSDT,bid,143,131092.0
2024-08-21 14:24:35,SOLUSDT,bid,143,131097.0
2024-08-21 14:24:43,SOLUSDT,bid,143,131098.0
2024-08-21 14:24:49,SOLUSDT,bid,143,131099.0
2024-08-21 14:24:50,SOLUSDT,bid,143,131099.0
2024-08-21 14:24:53,SOLUSDT,bid,143,131109.0
2024-08-21 14:24:59,SOLUSDT,bid,143,131566.0
2024-08-21 14:25:02,SOLUSDT,bid,143,131556.0
2024-08-21 14:25:31,SOLUSDT,bid,143,131557.0
2024-08-21 14:25:37,SOLUSDT,bid,143,131531.0
2024-08-21 14:25:40,SOLUSDT,bid,143,131532.0
2024-08-21 14:25:40,SOLUSDT,bid,143,131541.0
2024-08-21 14:25:53,SOLUSDT,bid,143,131544.0
2024-08-21 14:25:54,SOLUSDT,bid,143,131541.0
2024-08-21 14:25:55,SOLUSDT,bid,143,131545.0
2024-08-21 14:25:55,SOLUSDT,bid,143,131544.0
2024-08-21 14:26:04,SOLUSDT,bid,143,131618.0
2024-08-21 14:26:08,SOLUSDT,bid,143,131511.0
2024-08-21 14:26:12,SOLUSDT,bid,143,131511.0
2024-08-21 14:26:15,SOLUSDT,bid,143,131507.0
2024-08-21 14:26:18,SOLUSDT,bid,143,131508.0
2024-08-21 14:26:20,SOLUSDT,bid,143,131513.0
2024-08-21 14:26:21,SOLUSDT,bid,143,131508.0
2024-08-21 14:26:24,SOLUSDT,bid,143,131524.0
2024-08-21 14:26:24,SOLUSDT,bid,143,131523.0
2024-08-21 14:26:30,SOLUSDT,bid,143,131645.0
2024-08-21 14:26:30,SOLUSDT,bid,143,131523.0
2024-08-21 14:26:34,SOLUSDT,bid,143,131645.0
2024-08-21 14:26:34,SOLUSDT,bid,143,131523.0
2024-08-21 14:26:36,SOLUSDT,bid,143,131663.0
2024-08-21 14:26:38,SOLUSDT,bid,143,131523.0
2024-08-21 14:26:38,SOLUSDT,bid,143,131532.0
2024-08-21 14:26:41,SOLUSDT,bid,143,132020.0
2024-08-21 14:26:41,SOLUSDT,bid,143,131698.0
2024-08-21 14:26:41,SOLUSDT,bid,143,132020.0
2024-08-21 14:26:45,SOLUSDT,bid,143,132025.0
2024-08-21 14:26:45,SOLUSDT,bid,143,131990.0
2024-08-21 14:26:51,SOLUSDT,bid,143,131502.0
2024-08-21 14:26:51,SOLUSDT,bid,143,131624.0
2024-08-21 14:26:51,SOLUSDT,bid,143,131502.0
2024-08-21 14:26:56,SOLUSDT,bid,143,131497.0
2024-08-21 14:27:03,SOLUSDT,bid,143,131985.0
2024-08-21 14:27:03,SOLUSDT,bid,143,131996.0
2024-08-21 14:27:04,SOLUSDT,bid,143,131508.0
2024-08-21 14:27:07,SOLUSDT,bid,143,131532.0
2024-08-21 14:27:13,SOLUSDT,bid,143,131537.0
2024-08-21 14:27:22,SOLUSDT,bid,143,131534.0
2024-08-21 14:27:25,SOLUSDT,bid,143,131536.0
2024-08-21 14:27:26,SOLUSDT,bid,143,131539.0
2024-08-21 14:27:28,SOLUSDT,bid,143,131783.0
2024-08-21 14:27:34,SOLUSDT,bid,143,131788.0
2024-08-21 14:27:34,SOLUSDT,bid,143,131542.0
2024-08-21 14:27:34,SOLUSDT,bid,143,131539.0
2024-08-21 14:27:41,SOLUSDT,bid,143,131534.0
2024-08-21 14:27:50,SOLUSDT,bid,143,131537.0
2024-08-21 14:28:01,SOLUSDT,bid,143,131540.0
2024-08-21 14:28:04,SOLUSDT,bid,143,131537.0
2024-08-21 14:28:05,SOLUSDT,bid,143,131781.0
2024-08-21 14:28:06,SOLUSDT,bid,143,131537.0
2024-08-21 14:28:15,SOLUSDT,bid,143,132945.0
2024-08-21 14:28:15,SOLUSDT,bid,143,131537.0
2024-08-21 14:28:18,SOLUSDT,bid,143,131537.0
2024-08-21 14:28:18,SOLUSDT,bid,143,131546.0
2024-08-21 14:28:27,SOLUSDT,bid,143,131668.0
2024-08-21 14:28:29,SOLUSDT,bid,143,131546.0
2024-08-21 14:28:35,SOLUSDT,bid,143,131547.0
2024-08-21 14:28:38,SOLUSDT,bid,143,131602.0
2024-08-21 14:28:42,SOLUSDT,bid,143,131538.0
2024-08-21 14:28:46,SOLUSDT,bid,143,131551.0
2024-08-21 14:28:51,SOLUSDT,bid,143,131538.0
2024-08-21 14:28:53,SOLUSDT,bid,143,131537.0
2024-08-21 14:29:28,SOLUSDT,bid,143,131597.0
2024-08-21 14:29:29,SOLUSDT,bid,143,131537.0
2024-08-21 14:29:57,SOLUSDT,bid,143,132407.0
2024-08-21 14:30:10,SOLUSDT,bid,143,132407.0
2024-08-21 14:30:15,SOLUSDT,bid,143,131950.0
2024-08-21 14:30:19,SOLUSDT,bid,143,132010.0
2024-08-21 14:30:19,SOLUSDT,bid,143,131950.0
2024-08-21 14:30:39,SOLUSDT,bid,143,131949.0
2024-08-21 14:31:10,SOLUSDT,bid,143,131949.0
2024-08-21 14:31:17,SOLUSDT,bid,143,131079.0
2024-08-21 14:31:19,SOLUSDT,bid,143,131201.0
2024-08-21 14:31:19,SOLUSDT,bid,143,131079.0
2024-08-21 14:31:20,SOLUSDT,bid,143,131201.0
2024-08-21 14:31:20,SOLUSDT,bid,143,131079.0
2024-08-21 14:31:21,SOLUSDT,bid,143,131201.0
2024-08-21 14:31:21,SOLUSDT,bid,143,131079.0
2024-08-21 14:31:24,SOLUSDT,bid,143,131080.0
2024-08-21 14:31:24,SOLUSDT,bid,143,131081.0
2024-08-21 14:31:24,SOLUSDT,bid,143,131080.0
2024-08-21 14:31:31,SOLUSDT,bid,143,131220.0
2024-08-21 14:31:33,SOLUSDT,bid,143,131080.0
2024-08-21 14:31:34,SOLUSDT,bid,143,131093.0
2024-08-21 14:31:37,SOLUSDT,bid,143,131080.0
2024-08-21 14:31:40,SOLUSDT,bid,143,131071.0
2024-08-21 14:31:46,SOLUSDT,bid,143,131074.0
2024-08-21 14:31:59,SOLUSDT,bid,143,131074.0
2024-08-21 14:32:00,SOLUSDT,bid,143,131071.0
2024-08-21 14:32:05,SOLUSDT,bid,143,131075.0
2024-08-21 14:59:20,SOLUSDT,ask,175,29399.0
2024-08-21 15:02:56,SOLUSDT,ask,175,29379.0
2024-08-21 15:23:47,SOLUSDT,ask,175,29379.0
2024-08-21 15:23:47,SOLUSDT,ask,176,28948.0
2024-08-21 15:23:47,SOLUSDT,ask,178,35072.0
2024-08-21 16:23:15,SOLUSDT,ask,176,28949.0
2024-08-21 16:26:29,SOLUSDT,ask,176,28948.0
2024-08-21 17:07:48,SOLUSDT,bid,140,35729.0
2024-08-21 17:08:05,SOLUSDT,bid,140,35765.0
2024-08-21 19:21:35,SOLUSDT,bid,74,67745.0
2024-08-21 20:32:04,SOLUSDT,ask,144,46012.0
2024-08-21 20:50:44,SOLUSDT,ask,143,46614.0
