1726531341716,ETHUSDT,bid,2230,4721.575
1726531635216,ETHUSDT,bid,2210,10251.475
1726531635216,ETHUSDT,bid,2220,14732.805
1726531635216,ETHUSDT,bid,2230,4721.585
1726531653635,ETHUSDT,bid,1700,6047.023
1726531660173,ETHUSDT,bid,2260,10053.113
1726531665627,ETHUSDT,bid,2260,10059.734
1726531678007,ETHUSDT,bid,2260,10060.308
1726531692370,ETHUSDT,bid,2260,10069.14
1726531713932,ETHUSDT,bid,2240,4551.022
1726531745664,ETHUSDT,bid,2250,10196.96
1726531746173,ETHUSDT,bid,2250,10182.326
1726531746583,ETHUSDT,bid,2250,10167.692
1726531747505,ETHUSDT,bid,2250,10153.058
1726531758507,ETHUSDT,bid,2260,10068.257
1726531840205,ETHUSDT,bid,2240,4550.357
1726531925324,ETHUSDT,bid,2260,10061.636
1726531946755,ETHUSDT,bid,2240,10266.575
1726531978031,ETHUSDT,bid,2260,10061.062
1726531992945,ETHUSDT,bid,2260,10052.23
1726532185666,ETHUSDT,bid,2250,10153.501
1726532201770,ETHUSDT,bid,2250,10153.058
1726532232807,ETHUSDT,bid,2230,10080.424
1726532321951,ETHUSDT,bid,2240,4550.22
1726532361970,ETHUSDT,bid,2250,10157.492
1726532376976,ETHUSDT,bid,2220,14732.636
1726532561147,ETHUSDT,bid,2240,4572.076
1726532561340,ETHUSDT,bid,2230,10080.434
1726532564939,ETHUSDT,bid,2250,10158.189
1726532626957,ETHUSDT,bid,2250,10153.755
1726532738688,ETHUSDT,bid,2220,14732.502
1726532765134,ETHUSDT,bid,2230,4717.782
1726532809006,ETHUSDT,bid,1700,6046.723
1726532819170,ETHUSDT,bid,2220,14732.452
1726532903279,ETHUSDT,bid,2240,4575.076
1726532903593,ETHUSDT,bid,2260,10054.439
1726532907800,ETHUSDT,bid,2260,10076.322
1726532908506,ETHUSDT,bid,2240,4572.076
1726532919647,ETHUSDT,bid,2260,10074.113
1726532930279,ETHUSDT,bid,2230,4717.282
1726532952116,ETHUSDT,bid,2230,10080.358
1726532988069,ETHUSDT,bid,2260,10052.23
1726533072974,ETHUSDT,bid,2260,10050.823
1726533272947,ETHUSDT,bid,2240,10299.988
1726533273251,ETHUSDT,bid,2240,10308.897
1726533310125,ETHUSDT,bid,2260,10050.647
1726533359448,ETHUSDT,bid,2220,4507.859
1726533372766,ETHUSDT,bid,2240,10309.897
1726533406419,ETHUSDT,bid,2240,10309.926
1726533416709,ETHUSDT,bid,2250,10157.636
1726533427171,ETHUSDT,bid,1700,6046.223
1726533456182,ETHUSDT,bid,2250,10159.636
1726533572968,ETHUSDT,bid,2240,10276.513
1726533573483,ETHUSDT,bid,2240,10267.604
1726533728304,ETHUSDT,bid,2230,4717.671
1726533775436,ETHUSDT,bid,2260,10050.868
1726533784033,ETHUSDT,bid,2240,10267.187
1726533914007,ETHUSDT,bid,2240,4572.187
1726533979716,ETHUSDT,bid,2240,4572.076
1726533991320,ETHUSDT,bid,2240,4550.22
1726534005318,ETHUSDT,bid,2230,4717.275
1726534006024,ETHUSDT,bid,2230,10080.371
1726534096836,ETHUSDT,bid,2260,10050.647
1726534110633,ETHUSDT,bid,2220,14732.094
1726534125481,ETHUSDT,bid,2230,10080.343
1726534125481,ETHUSDT,bid,2250,10159.608
1726534179161,ETHUSDT,bid,2250,10161.141
1726534203246,ETHUSDT,bid,2250,10161.274
1726534252565,ETHUSDT,bid,2250,10166.274
1726534266906,ETHUSDT,bid,2230,10085.343
1726534311907,ETHUSDT,bid,2240,4550.816
1726534362159,ETHUSDT,bid,2240,4565.54
1726534363569,ETHUSDT,bid,2240,10067.187
1726534404131,ETHUSDT,bid,2240,4565.652
1726534445261,ETHUSDT,bid,2240,10067.158
1726534456694,ETHUSDT,bid,2230,4717.384
1726534456694,ETHUSDT,bid,2250,10166.382
1726534481188,ETHUSDT,bid,2240,10075.989
1726534498469,ETHUSDT,bid,2260,10053.108
1726534499383,ETHUSDT,bid,2260,10052.835
1726534500001,ETHUSDT,bid,2230,4732.277
1726534500510,ETHUSDT,bid,2260,10050.647
1726534502849,ETHUSDT,bid,2260,10050.92
1726534503764,ETHUSDT,bid,2260,10050.647
1726534512465,ETHUSDT,bid,2250,10168.382
1726534522388,ETHUSDT,bid,2230,4734.759
1726534537618,ETHUSDT,bid,2260,10056.182
1726534544422,ETHUSDT,bid,2220,14732.535
1726534556913,ETHUSDT,bid,2260,10060.321
1726534561929,ETHUSDT,bid,2240,10076.523
1726534566752,ETHUSDT,bid,2240,4550.928
1726534567464,ETHUSDT,bid,2220,14732.094
1726534571853,ETHUSDT,bid,2240,10067.692
1726534571954,ETHUSDT,bid,2240,10067.158
1726534585327,ETHUSDT,bid,2220,14746.924
1726534588178,ETHUSDT,bid,2230,4729.759
1726534592251,ETHUSDT,bid,2260,10060.583
1726534592659,ETHUSDT,bid,2260,10060.601
1726534593166,ETHUSDT,bid,2260,10060.583
1726534608462,ETHUSDT,bid,2230,4729.459
1726534616051,ETHUSDT,bid,2220,14747.133
1726534697753,ETHUSDT,bid,2230,4729.236
1726534722879,ETHUSDT,bid,2220,14732.303
1726534770140,ETHUSDT,bid,2210,10251.666
1726534801677,ETHUSDT,bid,2220,14732.977
1726534879496,ETHUSDT,bid,2260,10056.182
1726534890704,ETHUSDT,bid,2250,10168.382
1726534900536,ETHUSDT,bid,2260,10059.039
1726534910268,ETHUSDT,bid,2260,10056.182
1726534912820,ETHUSDT,bid,2220,14743.573
1726534961225,ETHUSDT,bid,2220,14743.564
1726534968750,ETHUSDT,bid,2210,10251.475
1726534975575,ETHUSDT,bid,2250,10168.57
1726535012621,ETHUSDT,bid,2240,4568.171
1726535027248,ETHUSDT,bid,2220,14743.524
1726535030218,ETHUSDT,bid,2220,14744.22
1726535052150,ETHUSDT,bid,2240,4550.332
1726535103340,ETHUSDT,bid,2260,10059.634
1726535107119,ETHUSDT,bid,2260,10056.182
1726535108131,ETHUSDT,bid,2210,10251.175
1726535209023,ETHUSDT,bid,2250,10168.876
1726535213849,ETHUSDT,bid,2220,14744.354
1726535226790,ETHUSDT,bid,2220,14738.761
1726535289942,ETHUSDT,bid,2250,10163.876
1726535325525,ETHUSDT,bid,2220,14738.552
1726535325525,ETHUSDT,bid,2230,4729.444
1726535354237,ETHUSDT,ask,2270,7524.152
1726535354336,ETHUSDT,ask,2270,7411.114
1726535354443,ETHUSDT,ask,2270,6530.633
1726535354544,ETHUSDT,ask,2270,6514.735
1726535354645,ETHUSDT,ask,2270,6530.769
1726535354746,ETHUSDT,ask,2270,6496.07
1726535354847,ETHUSDT,ask,2270,6490.041
1726535373282,ETHUSDT,ask,2270,9502.679
1726535373383,ETHUSDT,ask,2270,9475.202
1726535373484,ETHUSDT,ask,2270,9472.103
1726535373585,ETHUSDT,ask,2270,9472.385
1726535373686,ETHUSDT,ask,2270,9478.187
1726535373787,ETHUSDT,ask,2270,9475.317
1726535373886,ETHUSDT,ask,2270,9472.385
1726535374191,ETHUSDT,ask,2270,9473.105
1726535421742,ETHUSDT,bid,2220,14736.552
1726535441576,ETHUSDT,bid,2250,10165.076
1726535442389,ETHUSDT,ask,2270,7998.409
1726535442496,ETHUSDT,ask,2270,7978.386
1726535442597,ETHUSDT,ask,2270,7975.713
1726535442698,ETHUSDT,ask,2270,7973.913
1726535442799,ETHUSDT,ask,2270,6940.963
1726535442900,ETHUSDT,bid,2260,10067.248
1726535442900,ETHUSDT,ask,2270,6791.099
1726535443407,ETHUSDT,ask,2270,6788.418
1726535443507,ETHUSDT,ask,2270,6788.418
1726535443918,ETHUSDT,bid,2260,10067.608
1726535444940,ETHUSDT,ask,2270,6786.218
1726535445145,ETHUSDT,ask,2270,6794.598
1726535445245,ETHUSDT,ask,2270,6794.552
1726535445756,ETHUSDT,ask,2270,6783.218
1726535446498,ETHUSDT,ask,2270,6675.47
1726535446699,ETHUSDT,ask,2270,6675.887
1726535446903,ETHUSDT,ask,2270,6675.897
1726535447105,ETHUSDT,ask,2270,6686.494
1726535447209,ETHUSDT,ask,2270,6692.462
1726535447316,ETHUSDT,ask,2270,6692.462
1726535447420,ETHUSDT,ask,2270,6704.134
1726535447516,ETHUSDT,ask,2270,6717.259
1726535447623,ETHUSDT,ask,2270,6709.106
1726535447727,ETHUSDT,ask,2270,6712.729
1726535447928,ETHUSDT,ask,2270,6690.108
1726535448765,ETHUSDT,ask,2270,6690.099
1726535450753,ETHUSDT,ask,2270,6700.881
1726535450979,ETHUSDT,ask,2270,6690.099
1726535451389,ETHUSDT,ask,2270,6700.839
1726535451790,ETHUSDT,ask,2270,6690.099
1726535452628,ETHUSDT,ask,2270,6529.426
1726535452728,ETHUSDT,ask,2270,6569.386
1726535452832,ETHUSDT,ask,2270,6569.294
1726535452931,ETHUSDT,bid,2220,14737.052
1726535452931,ETHUSDT,ask,2270,6569.294
1726535453037,ETHUSDT,ask,2270,6568.848
1726535453137,ETHUSDT,ask,2270,6570.607
1726535453239,ETHUSDT,ask,2270,6588.216
1726535453331,ETHUSDT,ask,2270,6588.225
1726535453443,ETHUSDT,ask,2270,6588.314
1726535453547,ETHUSDT,ask,2270,6588.402
1726535453655,ETHUSDT,ask,2270,6587.516
1726535453762,ETHUSDT,ask,2270,6587.443
1726535454072,ETHUSDT,ask,2270,6587.213
1726535454164,ETHUSDT,ask,2270,6587.196
1726535454281,ETHUSDT,ask,2270,6587.519
1726535454377,ETHUSDT,ask,2270,6587.031
1726535454503,ETHUSDT,ask,2270,6587.014
1726535454602,ETHUSDT,ask,2270,6587.102
1726535454706,ETHUSDT,ask,2270,6587.102
1726535454805,ETHUSDT,ask,2270,6586.917
1726535454916,ETHUSDT,ask,2270,6586.857
1726535455019,ETHUSDT,ask,2270,6582.588
1726535455121,ETHUSDT,ask,2270,6580.851
1726535455224,ETHUSDT,ask,2270,6574.566
1726535455321,ETHUSDT,ask,2270,6561.592
1726535455428,ETHUSDT,ask,2270,6561.219
1726535455528,ETHUSDT,ask,2270,6561.219
1726535455628,ETHUSDT,ask,2270,6561.241
1726535455729,ETHUSDT,ask,2270,6560.88
1726535455833,ETHUSDT,ask,2270,6560.748
1726535455934,ETHUSDT,ask,2270,6554.555
1726535456023,ETHUSDT,ask,2270,6551.239
1726535456143,ETHUSDT,ask,2270,6549.074
1726535456239,ETHUSDT,ask,2270,6550.797
1726535456348,ETHUSDT,ask,2270,6550.62
1726535456987,ETHUSDT,ask,2270,6550.708
1726535457091,ETHUSDT,ask,2270,6550.62
1726535457201,ETHUSDT,ask,2270,6550.551
1726535457302,ETHUSDT,ask,2270,6550.291
1726535457403,ETHUSDT,bid,2260,10067.248
1726535457507,ETHUSDT,ask,2270,6550.416
1726535457605,ETHUSDT,ask,2270,6550.5
1726535457710,ETHUSDT,ask,2270,6550.588
1726535457811,ETHUSDT,ask,2270,6548.971
1726535457910,ETHUSDT,ask,2270,6549.181
1726535458218,ETHUSDT,ask,2270,6549.046
1726535458326,ETHUSDT,ask,2270,6549.093
1726535458426,ETHUSDT,ask,2270,6549.035
1726535458528,ETHUSDT,ask,2270,6548.646
1726535458640,ETHUSDT,ask,2270,6546.319
1726535458845,ETHUSDT,ask,2270,6543.169
1726535458946,ETHUSDT,ask,2270,6536.554
1726535459040,ETHUSDT,ask,2270,6536.48
1726535459143,ETHUSDT,ask,2270,6535.882
1726535459259,ETHUSDT,ask,2270,6535.88
1726535459367,ETHUSDT,ask,2270,6535.903
1726535459468,ETHUSDT,ask,2270,6530.276
1726535459771,ETHUSDT,ask,2270,6528.172
1726535460891,ETHUSDT,ask,2270,6528.163
1726535461405,ETHUSDT,ask,2270,6528.163
1726535461912,ETHUSDT,ask,2270,6531.053
1726535462014,ETHUSDT,ask,2270,6531.14
1726535462115,ETHUSDT,ask,2270,6531.164
1726535462218,ETHUSDT,ask,2270,6532.856
1726535462418,ETHUSDT,ask,2270,6532.838
1726535462626,ETHUSDT,ask,2270,6526.938
1726535462725,ETHUSDT,ask,2270,6525.138
1726535467114,ETHUSDT,bid,2250,10164.725
1726535492119,ETHUSDT,bid,2220,14737.726
1726535519606,ETHUSDT,bid,2260,10067.992
1726535526154,ETHUSDT,bid,2250,10172.216
1726535531172,ETHUSDT,bid,2260,10067.248
1726535535680,ETHUSDT,bid,2260,10067.418
1726535543471,ETHUSDT,bid,2260,10067.43
1726535544494,ETHUSDT,bid,2230,4714.551
1726535545606,ETHUSDT,bid,2260,10067.418
1726535547020,ETHUSDT,bid,2260,10068.248
1726535547121,ETHUSDT,bid,2260,10068.248
1726535547222,ETHUSDT,bid,2260,10075.233
1726535549460,ETHUSDT,bid,2260,10068.248
1726535549765,ETHUSDT,bid,2260,10068.248
1726535550170,ETHUSDT,bid,2260,10068.257
1726535551794,ETHUSDT,bid,2260,10068.248
1726535552504,ETHUSDT,bid,2240,4550.368
1726535558652,ETHUSDT,bid,2260,10068.257
1726535558853,ETHUSDT,bid,2260,10068.617
1726535562229,ETHUSDT,bid,2260,10068.608
1726535565586,ETHUSDT,bid,2250,10164.725
1726535569694,ETHUSDT,bid,2260,10068.248
1726535582317,ETHUSDT,bid,2210,10256.175
1726535586107,ETHUSDT,bid,2260,10102.988
1726535587027,ETHUSDT,bid,2260,10103.088
1726535588044,ETHUSDT,bid,2260,10068.348
1726535599005,ETHUSDT,bid,2260,10068.357
1726535599719,ETHUSDT,bid,2250,10169.709
1726535600329,ETHUSDT,bid,2260,10068.798
1726535600840,ETHUSDT,bid,2220,14738.726
1726535600936,ETHUSDT,bid,2260,10068.357
1726535605429,ETHUSDT,bid,2260,10068.357
1726535611377,ETHUSDT,bid,2260,10068.348
1726535623178,ETHUSDT,bid,2260,10068.357
1726535625137,ETHUSDT,bid,2260,10068.357
1726535627087,ETHUSDT,bid,2260,10070.309
1726535628102,ETHUSDT,bid,2220,14742.769
1726535628405,ETHUSDT,bid,2260,10069.167
1726535629415,ETHUSDT,bid,2220,14738.726
1726535629617,ETHUSDT,bid,2260,8820.302
1726535631639,ETHUSDT,bid,2260,8504.868
1726535631843,ETHUSDT,bid,2260,8482.668
1726535631944,ETHUSDT,bid,2240,4554.703
1726535632858,ETHUSDT,bid,2260,8130.692
1726535633067,ETHUSDT,bid,2250,10169.929
1726535633169,ETHUSDT,bid,2260,8130.72
1726535633270,ETHUSDT,bid,2260,8130.71
1726535633372,ETHUSDT,bid,2260,8130.701
1726535634187,ETHUSDT,bid,2260,8130.711
1726535634696,ETHUSDT,bid,2260,8130.698
1726535635100,ETHUSDT,bid,2260,8130.713
1726535635405,ETHUSDT,bid,2250,10172.929
1726535635808,ETHUSDT,bid,2240,4554.717
1726535636319,ETHUSDT,bid,2260,8130.171
1726535637238,ETHUSDT,bid,2260,8131.702
1726535638473,ETHUSDT,bid,2260,8130.171
1726535638878,ETHUSDT,bid,2260,8131.171
1726535639082,ETHUSDT,bid,2260,8131.285
1726535640102,ETHUSDT,bid,2260,8131.318
1726535641013,ETHUSDT,bid,2260,8131.733
1726535642135,ETHUSDT,bid,2260,8131.329
1726535643464,ETHUSDT,bid,2250,10172.709
1726535644180,ETHUSDT,bid,2260,8131.429
1726535645098,ETHUSDT,bid,2260,8131.418
1726535645304,ETHUSDT,bid,2260,8131.318
1726535645405,ETHUSDT,bid,2260,8136.318
1726535645911,ETHUSDT,bid,2260,8136.46
1726535646013,ETHUSDT,bid,2230,4715.119
1726535646013,ETHUSDT,bid,2260,8139.46
1726535646216,ETHUSDT,bid,2260,8136.46
1726535646622,ETHUSDT,bid,2260,8137.46
1726535647332,ETHUSDT,bid,2260,8136.438
1726535648055,ETHUSDT,bid,2260,8136.798
1726535648156,ETHUSDT,bid,2260,8150.018
1726535648257,ETHUSDT,bid,2260,8136.986
1726535648354,ETHUSDT,bid,2260,8140.586
1726535648459,ETHUSDT,bid,2260,8137.398
1726535649069,ETHUSDT,bid,2260,8137.398
1726535649275,ETHUSDT,bid,2260,8150.737
1726535649675,ETHUSDT,bid,2250,10174.942
1726535649675,ETHUSDT,bid,2260,8150.6
1726535650906,ETHUSDT,bid,2260,8137.411
1726535651007,ETHUSDT,bid,2260,8137.424
1726535652568,ETHUSDT,bid,2260,8138.308
1726535653074,ETHUSDT,bid,2260,8142.727
1726535653893,ETHUSDT,bid,2260,8145.727
1726535654002,ETHUSDT,bid,2260,8142.727
1726535654102,ETHUSDT,bid,2260,8157.27
1726535654306,ETHUSDT,bid,2260,8142.727
1726535654406,ETHUSDT,bid,2260,8145.727
1726535654716,ETHUSDT,bid,2260,8142.727
1726535655021,ETHUSDT,bid,2260,8143.169
1726535655343,ETHUSDT,bid,2260,8146.169
1726535656163,ETHUSDT,bid,2260,8141.75
1726535657587,ETHUSDT,bid,2260,8138.718
1726535659617,ETHUSDT,bid,2260,8134.721
1726535660235,ETHUSDT,bid,2260,8133.888
1726535662194,ETHUSDT,bid,2260,8133.898
1726535662298,ETHUSDT,bid,2250,10175.942
1726535662501,ETHUSDT,bid,2260,8136.888
1726535662907,ETHUSDT,bid,2260,8138.307
1726535663726,ETHUSDT,bid,2260,8136.752
1726535663827,ETHUSDT,bid,2260,8136.137
1726535663930,ETHUSDT,bid,2260,8135.86
1726535664447,ETHUSDT,bid,2260,8133.373
1726535665160,ETHUSDT,bid,2260,8133.259
1726535665668,ETHUSDT,bid,2260,8136.259
1726535667195,ETHUSDT,bid,2260,8136.159
1726535668322,ETHUSDT,bid,2260,8136.212
1726535669956,ETHUSDT,bid,2260,8138.975
1726535670262,ETHUSDT,bid,2260,8144.113
1726535670465,ETHUSDT,bid,2260,8152.113
1726535672207,ETHUSDT,bid,2260,8147.695
1726535674151,ETHUSDT,bid,2260,8150.243
1726535674249,ETHUSDT,bid,2260,8150.383
1726535675614,ETHUSDT,bid,2260,8150.523
1726535675825,ETHUSDT,bid,2260,8149.923
1726535681501,ETHUSDT,bid,2250,10176.442
1726535682111,ETHUSDT,bid,2260,8151.873
1726535683863,ETHUSDT,bid,2260,8148.42
1726535687044,ETHUSDT,bid,2260,8147.315
1726535689209,ETHUSDT,bid,2260,8158.049
1726535691773,ETHUSDT,bid,2260,8150.078
1726535692184,ETHUSDT,bid,2260,8152.078
1726535692386,ETHUSDT,bid,2260,8152.649
1726535696584,ETHUSDT,bid,2260,8152.078
1726535696790,ETHUSDT,bid,2260,8174.455
1726535696891,ETHUSDT,bid,2260,8149.315
1726535703320,ETHUSDT,bid,2260,8144.895
1726535703724,ETHUSDT,bid,2230,4715.109
1726535704643,ETHUSDT,bid,2230,4715.119
1726535704944,ETHUSDT,bid,2220,14738.736
1726535705868,ETHUSDT,bid,2260,8145.331
1726535707817,ETHUSDT,bid,2260,8145.191
1726535707918,ETHUSDT,bid,2260,8145.137
1726535708941,ETHUSDT,bid,2230,4714.911
1726535711387,ETHUSDT,bid,2260,8145.557
1726535714282,ETHUSDT,bid,2260,8145.115
1726535715504,ETHUSDT,bid,2260,8145.262
1726535717145,ETHUSDT,bid,2260,8145.115
1726535718061,ETHUSDT,bid,2260,8145.262
1726535718364,ETHUSDT,bid,2260,8145.173
1726535718566,ETHUSDT,bid,2260,8146.173
1726535718662,ETHUSDT,bid,2260,8147.797
1726535720805,ETHUSDT,bid,2260,8146.797
1726535721011,ETHUSDT,bid,2260,8147.797
1726535723375,ETHUSDT,bid,2260,8145.293
1726535725429,ETHUSDT,bid,2230,4714.934
1726535725530,ETHUSDT,bid,2260,8145.287
1726535731153,ETHUSDT,bid,2260,8147.287
1726535731761,ETHUSDT,bid,2240,4555.451
1726535734322,ETHUSDT,bid,2260,8147.287
1726535738214,ETHUSDT,bid,2250,10178.101
1726535739144,ETHUSDT,bid,2260,8148.556
1726535742029,ETHUSDT,bid,2250,10178.124
1726535742333,ETHUSDT,bid,2220,14739.046
1726535743150,ETHUSDT,bid,2260,8145.556
1726535757509,ETHUSDT,bid,2220,14739.146
1726535758722,ETHUSDT,bid,2260,8144.566
1726535762620,ETHUSDT,bid,2260,8144.581
1726535762721,ETHUSDT,bid,2260,8145.581
1726535763634,ETHUSDT,bid,2260,8143.146
1726535764142,ETHUSDT,bid,2260,8143.155
1726535765057,ETHUSDT,bid,2260,8142.155
1726535765460,ETHUSDT,bid,2260,8143.155
1726535765883,ETHUSDT,bid,2260,8143.146
1726535765985,ETHUSDT,bid,2260,8143.146
1726535767011,ETHUSDT,bid,2260,8174.011
1726535768948,ETHUSDT,bid,2260,8174.171
1726535771495,ETHUSDT,bid,2260,8174.225
1726535771597,ETHUSDT,bid,2260,8143.36
1726535772923,ETHUSDT,bid,2260,8142.091
1726535773128,ETHUSDT,bid,2260,8144.369
1726535773333,ETHUSDT,bid,2240,4554.951
1726535774662,ETHUSDT,bid,2260,8143.369
1726535775558,ETHUSDT,bid,2260,8143.359
1726535775991,ETHUSDT,bid,2260,8147.779
1726535776708,ETHUSDT,bid,2260,8147.679
1726535778982,ETHUSDT,bid,2260,8147.519
1726535779796,ETHUSDT,bid,2260,8147.54
1726535780303,ETHUSDT,bid,2260,8147.567
1726535780405,ETHUSDT,bid,2260,8148.558
1726535781418,ETHUSDT,bid,2260,8148.668
1726535783255,ETHUSDT,bid,2260,8148.93
1726535786648,ETHUSDT,bid,2230,4719.934
1726535789511,ETHUSDT,bid,2260,8148.939
1726535791164,ETHUSDT,bid,2260,8154.951
1726535792075,ETHUSDT,bid,2260,8154.689
1726535792484,ETHUSDT,bid,2260,8148.677
1726535801645,ETHUSDT,bid,2260,8148.668
1726535802464,ETHUSDT,bid,2260,8148.677
1726535802559,ETHUSDT,bid,2260,8149.82
1726535803792,ETHUSDT,bid,2260,8149.811
1726535805536,ETHUSDT,bid,2260,8184.578
1726535811289,ETHUSDT,bid,2260,8184.569
1726535811390,ETHUSDT,bid,2260,8149.811
1726535813731,ETHUSDT,bid,2260,8150.073
1726535819183,ETHUSDT,bid,2260,8150.376
1726535819384,ETHUSDT,bid,2260,8150.096
1726535820207,ETHUSDT,bid,2250,10180.988
1726535823470,ETHUSDT,bid,2260,8150.151
1726535828671,ETHUSDT,bid,2260,8281.451
1726535828777,ETHUSDT,bid,2250,10178.988
1726535829696,ETHUSDT,bid,2260,8280.451
1726535830101,ETHUSDT,bid,2250,10176.124
1726535840216,ETHUSDT,bid,2230,4721.934
1726535848582,ETHUSDT,bid,2220,14741.146
1726535852255,ETHUSDT,bid,2250,10176.524
1726535861838,ETHUSDT,bid,2260,8149.151
1726535862951,ETHUSDT,bid,2260,8149.16
1726535863665,ETHUSDT,bid,2260,8149.151
1726535868586,ETHUSDT,bid,2260,8149.16
1726535868794,ETHUSDT,bid,2260,8149.151
1726535869000,ETHUSDT,bid,2260,8149.16
1726535869305,ETHUSDT,bid,2260,8149.151
1726535871264,ETHUSDT,bid,2260,8149.175
1726535871569,ETHUSDT,bid,2260,8149.184
1726535872290,ETHUSDT,bid,2260,8149.175
1726535874446,ETHUSDT,bid,2260,8149.184
1726535875598,ETHUSDT,bid,2260,8149.175
1726535876107,ETHUSDT,bid,2260,8149.184
1726535880212,ETHUSDT,bid,2260,8149.175
1726535881639,ETHUSDT,bid,2250,10176.569
1726535882060,ETHUSDT,bid,2210,10256.471
1726535882469,ETHUSDT,bid,2260,8149.184
1726535884396,ETHUSDT,bid,2260,8148.922
1726535884903,ETHUSDT,bid,2260,8180.623
1726535885307,ETHUSDT,bid,2220,14746.089
1726535885811,ETHUSDT,bid,2260,8149.976
1726535886019,ETHUSDT,bid,2260,8149.976
1726535887248,ETHUSDT,bid,2260,8150.13
1726535888573,ETHUSDT,bid,2260,8150.63
1726535893305,ETHUSDT,bid,2260,8151.73
1726535895283,ETHUSDT,bid,2260,8151.676
1726535895891,ETHUSDT,bid,2260,8151.522
1726535898168,ETHUSDT,bid,2260,8292.99
1726535898269,ETHUSDT,bid,2260,8151.522
1726535903568,ETHUSDT,bid,2260,8151.576
1726535904909,ETHUSDT,bid,2210,10259.471
1726535906850,ETHUSDT,bid,2260,8151.522
1726535908175,ETHUSDT,bid,2260,8151.692
1726535910208,ETHUSDT,bid,2210,10256.471
1726535912562,ETHUSDT,bid,2260,8151.522
1726535915449,ETHUSDT,bid,2210,10259.471
1726535920783,ETHUSDT,bid,2210,10256.471
1726535922204,ETHUSDT,bid,2230,4716.934
1726535926445,ETHUSDT,bid,2260,8151.522
1726535928182,ETHUSDT,bid,2260,8170.648
1726535928487,ETHUSDT,bid,2260,8151.522
1726535930793,ETHUSDT,bid,2250,10179.437
1726535932133,ETHUSDT,bid,2260,8150.522
1726535935306,ETHUSDT,bid,2260,8150.522
1726535937879,ETHUSDT,bid,2260,8151.522
1726535938082,ETHUSDT,bid,2260,8156.91
1726535940434,ETHUSDT,bid,2250,10176.569
1726535940638,ETHUSDT,bid,2250,10297.274
1726535941759,ETHUSDT,bid,2260,8166.474
1726535941860,ETHUSDT,bid,2260,8166.474
1726535941961,ETHUSDT,bid,2260,8156.91
1726535945863,ETHUSDT,bid,2260,8156.91
1726535951563,ETHUSDT,bid,2260,8176.036
1726535951664,ETHUSDT,bid,2260,8156.91
1726535952174,ETHUSDT,bid,2260,8157.02
1726535952369,ETHUSDT,bid,2260,8156.91
1726535960469,ETHUSDT,bid,2210,10256.175
1726535970276,ETHUSDT,bid,2260,8166.475
1726535972637,ETHUSDT,bid,2220,14746.045
1726535973989,ETHUSDT,bid,2260,8156.91
1726535982882,ETHUSDT,bid,2260,8156.94
1726535983603,ETHUSDT,bid,2260,8156.91
1726535989198,ETHUSDT,bid,2260,8157.173
1726535995204,ETHUSDT,bid,2240,4572.092
1726536000420,ETHUSDT,bid,2250,10176.569
1726536003750,ETHUSDT,bid,2220,4511.047
1726536004893,ETHUSDT,bid,2260,8151.785
1726536006009,ETHUSDT,bid,2260,8151.785
1726536006110,ETHUSDT,bid,2260,8151.815
1726536006822,ETHUSDT,bid,2260,8151.785
1726536011130,ETHUSDT,bid,2260,8151.776
1726536012456,ETHUSDT,bid,2260,8151.513
1726536012968,ETHUSDT,bid,2220,14741.102
1726536013067,ETHUSDT,bid,2260,8159.513
1726536016050,ETHUSDT,bid,2260,8151.513
1726536016151,ETHUSDT,bid,2260,8151.775
1726536034148,ETHUSDT,bid,2260,8150.775
1726536037407,ETHUSDT,bid,2260,8150.977
1726536037913,ETHUSDT,bid,2260,8149.977
1726536039339,ETHUSDT,bid,2260,8150.007
1726536040050,ETHUSDT,bid,2260,8149.977
1726536043835,ETHUSDT,bid,2260,8157.977
1726536045795,ETHUSDT,bid,2260,8149.977
1726536046505,ETHUSDT,bid,2260,8149.715
1726536055211,ETHUSDT,bid,2260,8138.649
1726536063924,ETHUSDT,bid,2260,8143.649
1726536064637,ETHUSDT,bid,2260,8138.649
1726536067280,ETHUSDT,bid,2260,8148.174
1726536070019,ETHUSDT,bid,2260,8138.649
1726536087335,ETHUSDT,bid,2260,8140.04
1726536092901,ETHUSDT,bid,2260,8141.04
1726536098445,ETHUSDT,bid,2220,14741.65
1726536102326,ETHUSDT,bid,2250,10177.901
1726536102837,ETHUSDT,bid,2230,4717.493
1726536122924,ETHUSDT,bid,2220,14746.65
1726536124905,ETHUSDT,bid,2250,10178.401
1726536129431,ETHUSDT,bid,2260,8149.04
1726536129534,ETHUSDT,bid,2250,10175.401
1726536131477,ETHUSDT,bid,2260,8141.04
1726536132289,ETHUSDT,bid,2230,4716.493
1726536143670,ETHUSDT,bid,2260,8146.04
1726536144697,ETHUSDT,bid,2260,8141.04
1726536146733,ETHUSDT,bid,2230,4715.493
1726536150219,ETHUSDT,bid,2250,10176.755
1726536162590,ETHUSDT,bid,2260,8141.029
1726536171051,ETHUSDT,bid,1960,5224.611
1726536190568,ETHUSDT,bid,2260,8141.042
1726536199156,ETHUSDT,bid,2260,8141.118
1726536199363,ETHUSDT,bid,2260,8141.38
1726536200600,ETHUSDT,bid,2260,8141.367
1726536201107,ETHUSDT,bid,2260,8149.367
1726536201312,ETHUSDT,bid,2260,8141.367
1726536201616,ETHUSDT,bid,2260,8141.597
1726536207832,ETHUSDT,bid,2260,8143.597
1726536213741,ETHUSDT,bid,2260,8141.597
1726536214563,ETHUSDT,bid,2260,8141.367
1726536235701,ETHUSDT,bid,2230,4716.022
1726536242333,ETHUSDT,bid,2260,8149.367
1726536243253,ETHUSDT,bid,2260,8141.367
1726536252002,ETHUSDT,bid,2220,14746.351
1726536256941,ETHUSDT,bid,2210,10255.775
1726536257459,ETHUSDT,bid,2250,10173.589
1726536267303,ETHUSDT,bid,2230,4716.092
1726536274203,ETHUSDT,bid,2260,8139.089
1726536283323,ETHUSDT,bid,2260,8139.271
1726536287620,ETHUSDT,bid,2260,8139.089
1726536293222,ETHUSDT,bid,2260,8139.013
1726536311257,ETHUSDT,bid,2230,4801.36
1726536313938,ETHUSDT,bid,2260,8138.751
1726536316306,ETHUSDT,bid,2260,8137.751
1726536320095,ETHUSDT,bid,2240,4589.765
1726536328459,ETHUSDT,bid,2260,8137.763
1726536338545,ETHUSDT,bid,2260,8137.751
1726536344309,ETHUSDT,bid,2220,14746.041
1726536355682,ETHUSDT,bid,2210,10251.261
1726536361329,ETHUSDT,bid,2240,4594.958
1726536363503,ETHUSDT,bid,2210,10252.261
1726536363503,ETHUSDT,bid,2240,4595.596
1726536370794,ETHUSDT,bid,2250,10171.93
1726536383788,ETHUSDT,bid,2260,8138.751
1726536384291,ETHUSDT,bid,2260,8139.111
1726536393886,ETHUSDT,bid,2260,8138.751
1726536397667,ETHUSDT,bid,2260,8143.751
1726536398183,ETHUSDT,bid,2260,8138.751
1726536401703,ETHUSDT,bid,2230,4716.092
1726536415944,ETHUSDT,bid,2250,10173.93
1726536428829,ETHUSDT,bid,2260,8137.751
1726536476725,ETHUSDT,bid,2260,8181.818
1726536478367,ETHUSDT,bid,2240,4595.484
1726536481389,ETHUSDT,bid,2260,8181.818
1726536486439,ETHUSDT,bid,2250,10172.567
1726536515119,ETHUSDT,bid,2260,8138.015
1726536523383,ETHUSDT,bid,2260,8138.826
1726536527469,ETHUSDT,bid,2210,10250.681
1726536532529,ETHUSDT,bid,2210,10250.712
1726536532529,ETHUSDT,bid,2220,14746.072
1726536532529,ETHUSDT,bid,2230,4716.123
1726536535405,ETHUSDT,bid,2260,8139.477
1726536541161,ETHUSDT,bid,2260,8280.525
1726536541366,ETHUSDT,bid,2260,8139.477
1726536544843,ETHUSDT,bid,2260,8138.826
1726536546473,ETHUSDT,bid,2250,10178.835
1726536574589,ETHUSDT,bid,2260,8138.856
1726536579146,ETHUSDT,bid,2260,8138.826
1726536600478,ETHUSDT,bid,2240,4590.291
1726536600581,ETHUSDT,bid,2240,4589.653
1726536645605,ETHUSDT,bid,2260,8137.683
1726536657136,ETHUSDT,bid,2260,8136.583
1726536673350,ETHUSDT,bid,2260,8136.319
1726536692876,ETHUSDT,bid,2260,8136.437
1726536698717,ETHUSDT,bid,2260,8136.451
1726536725385,ETHUSDT,bid,2260,8136.463
1726536725891,ETHUSDT,bid,2260,8136.451
1726536732708,ETHUSDT,bid,2240,4590.653
1726536735416,ETHUSDT,bid,2260,8136.463
1726536739762,ETHUSDT,bid,2260,8136.451
1726536742360,ETHUSDT,bid,2260,8135.64
1726536759649,ETHUSDT,bid,2220,14741.072
1726536765521,ETHUSDT,bid,2260,8160.64
1726536803414,ETHUSDT,bid,2260,8162.386
1726536803616,ETHUSDT,bid,2260,8137.386
1726536804021,ETHUSDT,bid,2260,8172.668
1726536804223,ETHUSDT,bid,2260,8137.386
1726536804424,ETHUSDT,bid,2260,8135.64
1726536806364,ETHUSDT,bid,2260,8135.81
1726536817335,ETHUSDT,bid,2260,8135.861
1726536826303,ETHUSDT,bid,2260,8135.691
1726536829304,ETHUSDT,bid,2220,14741.085
1726536875655,ETHUSDT,bid,2260,8135.997
1726536901250,ETHUSDT,bid,2260,8138.247
1726536919583,ETHUSDT,bid,2260,8138.259
1726536920503,ETHUSDT,bid,2260,8138.247
1726536920808,ETHUSDT,bid,2260,8141.108
1726536925073,ETHUSDT,bid,2260,8138.858
1726536930402,ETHUSDT,bid,2260,8135.997
1726536937084,ETHUSDT,bid,2260,8136.059
1726536973987,ETHUSDT,bid,2250,10178.335
1726536979224,ETHUSDT,bid,2260,8136.059
1726536980243,ETHUSDT,bid,2260,8136.147
1726536986276,ETHUSDT,bid,2260,8144.147
1726536987003,ETHUSDT,bid,2260,8136.147
1726536993529,ETHUSDT,bid,2260,8137.147
1726536994036,ETHUSDT,bid,2260,8137.059
1726537027096,ETHUSDT,bid,2210,10255.712
1726537035920,ETHUSDT,bid,2240,4586.318
1726537074415,ETHUSDT,bid,1780,5749.279
1726537080319,ETHUSDT,bid,2260,8136.059
1726537081944,ETHUSDT,bid,2260,8136.071
1726537083580,ETHUSDT,bid,2260,8136.059
1726537098950,ETHUSDT,bid,2260,8180.117
1726537099153,ETHUSDT,bid,2230,4716.113
1726537110447,ETHUSDT,bid,2260,8136.059
1726537110751,ETHUSDT,bid,2260,8138.921
1726537120194,ETHUSDT,bid,2260,8136.059
1726537122349,ETHUSDT,bid,2230,4716.413
1726537134652,ETHUSDT,bid,2260,8147.908
1726537139542,ETHUSDT,bid,2260,8136.059
1726537140601,ETHUSDT,bid,2250,10250.854
1726537144822,ETHUSDT,bid,2230,4716.423
1726537148439,ETHUSDT,bid,2240,4606.368
1726537200209,ETHUSDT,bid,2260,8136.089
1726537201542,ETHUSDT,bid,2260,8136.059
1726537202167,ETHUSDT,bid,2250,10178.335
1726537206684,ETHUSDT,bid,2230,4715.923
1726537222884,ETHUSDT,bid,2260,8136.071
1726537233043,ETHUSDT,bid,2260,8136.059
1726537260803,ETHUSDT,bid,2260,8136.068
1726537263563,ETHUSDT,bid,2260,8155.068
1726537267242,ETHUSDT,bid,2260,8155.086
1726537269301,ETHUSDT,bid,2260,8155.068
1726537270643,ETHUSDT,bid,2260,8153.677
1726537274767,ETHUSDT,bid,2250,10178.775
1726537277715,ETHUSDT,bid,2250,10178.335
1726537279148,ETHUSDT,bid,2260,8153.668
1726537285686,ETHUSDT,bid,2260,8134.668
1726537286095,ETHUSDT,bid,2240,4586.318
1726537316497,ETHUSDT,bid,2230,4715.932
1726537326145,ETHUSDT,bid,2250,10192.183
1726537328700,ETHUSDT,bid,2260,8134.888
1726537329833,ETHUSDT,bid,2260,8134.668
1726537336988,ETHUSDT,bid,2230,4764.322
1726537351109,ETHUSDT,bid,2230,4764.313
1726537362666,ETHUSDT,bid,2220,14741.968
1726537366267,ETHUSDT,bid,2230,4764.322
1726537368863,ETHUSDT,bid,2210,10250.712
1726537382972,ETHUSDT,bid,2210,10250.722
1726537393745,ETHUSDT,bid,2260,8134.617
1726537395164,ETHUSDT,bid,2250,10178.335
1726537479778,ETHUSDT,bid,2260,8135.617
1726537511802,ETHUSDT,bid,2260,8135.632
1726537571142,ETHUSDT,bid,2250,10177.935
1726537655181,ETHUSDT,bid,2210,10249.82
1726537665095,ETHUSDT,bid,2260,8135.643
1726537696404,ETHUSDT,bid,2250,10178.345
1726537707095,ETHUSDT,bid,2250,10178.345
1726537765421,ETHUSDT,bid,2230,4764.099
1726537777203,ETHUSDT,bid,2260,8136.643
1726537843803,ETHUSDT,bid,2250,10183.345
1726537896587,ETHUSDT,bid,2230,4765.888
1726537912436,ETHUSDT,bid,2210,10248.015
1726537974660,ETHUSDT,bid,2230,4764.099
1726538048740,ETHUSDT,bid,2260,8136.693
1726538055152,ETHUSDT,bid,2260,8136.719
1726538071925,ETHUSDT,bid,2260,8136.693
1726538078952,ETHUSDT,bid,2210,10247.682
1726538104694,ETHUSDT,bid,2220,4506.088
1726538109203,ETHUSDT,bid,2260,8136.793
1726538119795,ETHUSDT,bid,2250,10187.69
1726538125928,ETHUSDT,bid,1950,5264.094
1726538151224,ETHUSDT,bid,2220,14741.924
1726538165538,ETHUSDT,bid,2250,10187.79
1726538181227,ETHUSDT,bid,2220,14741.683
1726538181227,ETHUSDT,bid,2240,4586.559
1726538193033,ETHUSDT,bid,2210,10247.936
1726538210237,ETHUSDT,bid,2250,10183.445
1726538218136,ETHUSDT,bid,2220,14741.796
1726538224866,ETHUSDT,bid,2210,10246.381
1726538237667,ETHUSDT,bid,2250,10184.691
1726538245405,ETHUSDT,bid,2220,14756.758
1726538295986,ETHUSDT,bid,2220,14756.658
1726538338827,ETHUSDT,bid,2220,14756.443
1726538358037,ETHUSDT,bid,2260,8139.003
1726538418514,ETHUSDT,bid,2250,10183.445
1726538418809,ETHUSDT,bid,2250,10184.445
1726538478898,ETHUSDT,bid,2230,4764.199
1726538510874,ETHUSDT,bid,2260,8144.003
1726538524674,ETHUSDT,bid,2240,4597.479
1726538542586,ETHUSDT,bid,2230,4827.541
1726538571630,ETHUSDT,bid,2260,8143.503
1726538576694,ETHUSDT,bid,2240,4586.559
1726538610177,ETHUSDT,bid,2250,10184.265
1726538643517,ETHUSDT,bid,2260,8143.591
1726538644647,ETHUSDT,bid,2260,8143.503
1726538668256,ETHUSDT,bid,2260,8143.723
1726538669282,ETHUSDT,bid,2260,8143.503
1726538682278,ETHUSDT,bid,2230,4829.775
1726538682903,ETHUSDT,bid,2230,4964.003
1726538683312,ETHUSDT,bid,2230,4829.775
1726538701734,ETHUSDT,bid,2220,14756.354
1726538706433,ETHUSDT,bid,2260,8143.514
1726538736669,ETHUSDT,bid,2250,10182.933
1726538751082,ETHUSDT,bid,2260,8143.525
1726538877556,ETHUSDT,bid,2250,10221.495
1726538879926,ETHUSDT,bid,2220,14754.854
1726538881710,ETHUSDT,bid,2260,8276.15
1726538883780,ETHUSDT,bid,2250,10221.526
1726538932629,ETHUSDT,bid,2230,4827.541
1726538952268,ETHUSDT,bid,2250,10212.251
1726538964960,ETHUSDT,bid,2250,10210.251
1726539034305,ETHUSDT,bid,2260,8296.15
1726539043822,ETHUSDT,bid,2230,4764.199
1726539094562,ETHUSDT,bid,2260,8297.15
1726539124757,ETHUSDT,bid,2230,4766.443
1726539177485,ETHUSDT,bid,2250,10211.251
1726539180171,ETHUSDT,bid,2260,8298.65
1726539230479,ETHUSDT,bid,2260,8166.025
1726539266342,ETHUSDT,bid,2230,4765.443
1726539295359,ETHUSDT,bid,2240,4587.069
1726539402501,ETHUSDT,bid,2220,14757.854
1726539408405,ETHUSDT,bid,2260,8164.525
1726539418078,ETHUSDT,bid,2220,14754.854
1726539475754,ETHUSDT,bid,2240,4586.814
1726539475854,ETHUSDT,bid,2240,4586.559
1726539476673,ETHUSDT,bid,2250,10172.689
1726539498699,ETHUSDT,bid,2250,10173.149
1726539606849,ETHUSDT,ask,2270,6148.219
1726539606957,ETHUSDT,ask,2270,6115.022
1726539607058,ETHUSDT,ask,2270,6134.214
1726539607260,ETHUSDT,ask,2270,5710.106
1726539607361,ETHUSDT,ask,2270,5198.464
1726539607462,ETHUSDT,ask,2270,5085.288
1726539607563,ETHUSDT,ask,2270,5058.437
1726539607869,ETHUSDT,ask,2270,5057.437
1726539607971,ETHUSDT,ask,2270,5050.406
1726539608069,ETHUSDT,ask,2270,5050.714
1726539608684,ETHUSDT,ask,2270,5050.723
1726539609600,ETHUSDT,ask,2270,5050.713
1726539619057,ETHUSDT,bid,2230,4795.443
1726539657995,ETHUSDT,bid,2220,14739.892
1726539706461,ETHUSDT,bid,2210,10245.782
1726539721797,ETHUSDT,bid,2230,4795.943
1726539722416,ETHUSDT,bid,2240,4608.861
1726539723138,ETHUSDT,bid,2240,4653.466
1726539754411,ETHUSDT,bid,2240,4654.357
1726539754818,ETHUSDT,bid,2240,4654.803
1726539759605,ETHUSDT,bid,2260,10223.533
1726539774201,ETHUSDT,bid,2250,10596.156
1726539787197,ETHUSDT,bid,2240,10221.085
1726539799377,ETHUSDT,bid,2230,14795.943
1726539807581,ETHUSDT,bid,2260,10223.873
1726539811305,ETHUSDT,bid,2220,14754.852
1726539813912,ETHUSDT,bid,2220,24754.852
1726539815346,ETHUSDT,bid,2260,10223.917
1726539823781,ETHUSDT,bid,2240,10201.241
1726539825736,ETHUSDT,bid,2260,10223.577
1726539833984,ETHUSDT,bid,2210,20245.782
1726539835206,ETHUSDT,bid,2240,4739.843
1726539835717,ETHUSDT,bid,2240,4798.377
1726539835926,ETHUSDT,bid,2240,4866.188
1726539840373,ETHUSDT,bid,2260,10173.577
1726539841914,ETHUSDT,bid,2240,4821.583
1726539842438,ETHUSDT,bid,2240,4799.281
1726539843554,ETHUSDT,bid,2260,10173.665
1726539843655,ETHUSDT,bid,2260,10173.577
1726539844163,ETHUSDT,bid,2240,4740.747
1726539844476,ETHUSDT,bid,2240,4672.936
1726539845178,ETHUSDT,bid,2240,4672.49
1726539845994,ETHUSDT,bid,2240,4587.45
1726539848558,ETHUSDT,bid,2240,4586.559
1726539860670,ETHUSDT,bid,2260,10173.917
1726539874656,ETHUSDT,bid,2260,10133.451
1726539875067,ETHUSDT,bid,2260,10133.842
1726539884272,ETHUSDT,bid,2260,10174.791
1726539887133,ETHUSDT,bid,2260,10174.451
1726539914217,ETHUSDT,bid,2280,10005.073
1726539916378,ETHUSDT,bid,2280,10006.875
1726539921879,ETHUSDT,bid,2260,10174.791
1726539924141,ETHUSDT,bid,2280,10007.802
1726539924648,ETHUSDT,bid,2280,10006.925
1726539927224,ETHUSDT,bid,2280,10007.057
1726539927321,ETHUSDT,bid,2280,10007.188
1726539930083,ETHUSDT,bid,2280,10007.057
1726539931849,ETHUSDT,bid,2280,10026.587
1726539932252,ETHUSDT,bid,2280,10026.587
1726539932667,ETHUSDT,bid,2280,10026.455
1726539955522,ETHUSDT,bid,2260,10174.451
1726539959082,ETHUSDT,bid,2250,10596.18
1726539963102,ETHUSDT,bid,2280,10015.445
1726539965173,ETHUSDT,bid,2260,10133.502
1726539965279,ETHUSDT,bid,2260,10133.48
1726539966101,ETHUSDT,bid,2280,10015.945
1726539966923,ETHUSDT,bid,2260,10133.7
1726539968252,ETHUSDT,bid,2260,10133.8
1726539972785,ETHUSDT,bid,2240,4569.418
1726539976272,ETHUSDT,bid,2260,10174.706
1726539985418,ETHUSDT,bid,2280,10009.647
1726539986241,ETHUSDT,bid,2280,10011.283
1726539986649,ETHUSDT,bid,2280,10011.023
1726539986951,ETHUSDT,bid,2280,10014.995
1726539987781,ETHUSDT,bid,2280,10023.186
1726539989523,ETHUSDT,bid,2280,10023.236
1726539990353,ETHUSDT,bid,2280,10025.428
1726539993236,ETHUSDT,bid,2280,10023.02
1726539993451,ETHUSDT,bid,2280,10023.174
1726539997566,ETHUSDT,bid,2230,14795.881
1726540001073,ETHUSDT,bid,2280,10023.275
1726540002306,ETHUSDT,bid,2280,10023.851
1726540004204,ETHUSDT,bid,2280,7002.064
1726540007605,ETHUSDT,bid,2280,7002.0
1726540008217,ETHUSDT,bid,2280,10024.202
1726540011954,ETHUSDT,bid,2280,7003.096
1726540012470,ETHUSDT,bid,2240,10205.69
1726540016512,ETHUSDT,bid,2280,10024.452
1726540016617,ETHUSDT,bid,2280,10025.096
1726540016925,ETHUSDT,bid,2260,10175.569
1726540017024,ETHUSDT,bid,2260,10175.569
1726540017126,ETHUSDT,bid,2250,10596.18
1726540017126,ETHUSDT,bid,2260,10174.706
1726540017227,ETHUSDT,bid,2250,10597.043
1726540017332,ETHUSDT,bid,2250,10596.18
1726540052962,ETHUSDT,bid,2250,10589.32
1726540072705,ETHUSDT,bid,2240,10201.241
1726540075903,ETHUSDT,bid,2260,10133.8
1726540085362,ETHUSDT,bid,2260,10173.803
1726540096683,ETHUSDT,bid,2220,24754.942
1726540099798,ETHUSDT,bid,2240,4569.918
1726540120631,ETHUSDT,bid,2250,10589.32
1726540143708,ETHUSDT,bid,2250,10598.028
1726540143916,ETHUSDT,bid,2250,10589.32
1726540144026,ETHUSDT,bid,2250,10598.028
1726540144126,ETHUSDT,bid,2250,10589.32
1726540144634,ETHUSDT,bid,2250,10589.32
1726540144981,ETHUSDT,bid,2250,10589.32
1726540145604,ETHUSDT,bid,2260,10173.891
1726540251692,ETHUSDT,bid,2260,10133.888
1726540261607,ETHUSDT,bid,2260,10174.814
1726540268089,ETHUSDT,bid,2230,14796.031
1726540299860,ETHUSDT,bid,2240,10202.577
1726540300689,ETHUSDT,bid,2260,10174.783
1726540309145,ETHUSDT,bid,2260,10183.613
1726540317310,ETHUSDT,bid,2220,24754.298
1726540324794,ETHUSDT,bid,2260,10183.792
1726540335542,ETHUSDT,bid,2260,10142.866
1726540346828,ETHUSDT,bid,2260,10184.857
1726540433791,ETHUSDT,bid,2210,20245.793
1726540453693,ETHUSDT,bid,2220,24753.415
1726540474651,ETHUSDT,bid,2220,24753.615
1726540474651,ETHUSDT,bid,2240,10202.377
1726540487323,ETHUSDT,bid,2220,24753.727
1726540489283,ETHUSDT,bid,2260,10142.866
1726540500043,ETHUSDT,bid,2260,10185.927
1726540554295,ETHUSDT,bid,2250,10584.32
1726540610287,ETHUSDT,bid,2250,10587.664
1726540611403,ETHUSDT,bid,2260,10185.904
1726540613140,ETHUSDT,bid,2260,10186.483
1726540619381,ETHUSDT,bid,1780,5748.939
1726540671907,ETHUSDT,bid,2250,10588.98
1726540676033,ETHUSDT,bid,2260,10143.422
1726540686630,ETHUSDT,bid,2260,10184.275
1726540765437,ETHUSDT,bid,2260,10184.775
1726540782924,ETHUSDT,bid,2250,10587.73
1726540785195,ETHUSDT,bid,2260,10184.275
1726540787775,ETHUSDT,bid,2250,10588.23
1726540821528,ETHUSDT,bid,2260,10143.422
1726540826636,ETHUSDT,bid,2260,10143.334
1726540831035,ETHUSDT,bid,2260,10184.731
1726540856413,ETHUSDT,bid,2220,24738.767
1726540857229,ETHUSDT,bid,2250,10588.23
1726540861105,ETHUSDT,bid,2250,10588.451
1726540874655,ETHUSDT,bid,2260,10189.146
1726540896004,ETHUSDT,bid,2230,14810.795
1726540906169,ETHUSDT,bid,2240,4552.245
1726540917756,ETHUSDT,bid,2260,10147.749
1726540918572,ETHUSDT,bid,2240,10202.195
1726540926058,ETHUSDT,bid,2230,14810.686
1726540929089,ETHUSDT,bid,2260,10191.654
1726540971901,ETHUSDT,bid,2260,10192.454
1726540978202,ETHUSDT,bid,2260,10192.494
1726541023803,ETHUSDT,bid,2260,10148.589
1726541034360,ETHUSDT,bid,2260,10191.854
1726541087571,ETHUSDT,bid,2260,10192.354
1726541089063,ETHUSDT,bid,2230,14795.922
1726541207210,ETHUSDT,bid,2260,10149.089
1726541218093,ETHUSDT,bid,2260,10191.544
1726541263250,ETHUSDT,bid,2250,10590.951
1726541296202,ETHUSDT,bid,2210,20246.3
1726541301181,ETHUSDT,bid,2260,10149.089
1726541311826,ETHUSDT,bid,2260,10193.014
1726541324214,ETHUSDT,bid,2240,4552.231
1726541327194,ETHUSDT,bid,2210,20245.848
1726541328628,ETHUSDT,bid,2260,10194.117
1726541333209,ETHUSDT,bid,2260,10216.117
1726541343093,ETHUSDT,bid,2260,10214.296
1726541371345,ETHUSDT,bid,2260,10214.196
1726541380542,ETHUSDT,bid,2260,10214.396
1726541384585,ETHUSDT,bid,2210,20246.021
1726541386503,ETHUSDT,ask,2280,4752.195
1726541388564,ETHUSDT,ask,2280,4750.009
1726541389075,ETHUSDT,bid,2260,10170.471
1726541389075,ETHUSDT,ask,2280,4750.024
1726541399903,ETHUSDT,bid,2260,10212.849
1726541453063,ETHUSDT,bid,2260,10215.241
1726541456640,ETHUSDT,bid,2230,14765.922
1726541490552,ETHUSDT,bid,2260,10172.863
1726541501391,ETHUSDT,bid,2260,10217.848
1726541524311,ETHUSDT,bid,2260,10218.348
1726541528360,ETHUSDT,bid,2240,10203.195
1726541548544,ETHUSDT,bid,1700,6046.245
1726541587845,ETHUSDT,bid,2240,4551.497
1726541592269,ETHUSDT,bid,2260,10173.363
1726541602917,ETHUSDT,bid,2260,10218.559
1726541617323,ETHUSDT,bid,2260,10217.909
1726541669730,ETHUSDT,bid,2260,10172.713
1726541680856,ETHUSDT,bid,2260,10217.414
1726541705739,ETHUSDT,bid,2260,10217.914
1726541707915,ETHUSDT,bid,2260,10218.914
1726541712272,ETHUSDT,bid,2220,24738.071
1726541712803,ETHUSDT,bid,2250,10590.464
1726541771984,ETHUSDT,bid,2260,10218.833
1726541785035,ETHUSDT,bid,2270,5548.751
1726541789694,ETHUSDT,bid,2260,10174.132
1726541800476,ETHUSDT,bid,2260,10217.338
1726541816575,ETHUSDT,bid,2270,5548.807
1726541846202,ETHUSDT,bid,2270,5549.026
1726541847222,ETHUSDT,bid,2270,5548.807
1726541853712,ETHUSDT,bid,2270,5548.895
1726541854742,ETHUSDT,bid,2270,5548.807
1726541880050,ETHUSDT,bid,2250,10590.499
1726541901453,ETHUSDT,bid,2260,10217.347
1726541903843,ETHUSDT,bid,2250,10590.49
1726541905219,ETHUSDT,bid,2250,10590.991
1726541917094,ETHUSDT,bid,2270,5549.003
1726541925890,ETHUSDT,bid,2260,10174.141
1726541936605,ETHUSDT,bid,2260,10218.805
1726541949060,ETHUSDT,bid,2270,5548.886
1726541979733,ETHUSDT,bid,2270,5548.853
1726542033247,ETHUSDT,bid,2250,10588.81
1726542068060,ETHUSDT,bid,2240,10202.806
1726542088172,ETHUSDT,bid,2270,5551.051
1726542090486,ETHUSDT,bid,2260,10174.141
1726542103263,ETHUSDT,bid,2260,10218.332
1726542106727,ETHUSDT,bid,2250,10589.41
1726542108893,ETHUSDT,bid,2230,14765.852
1726542122797,ETHUSDT,bid,2250,10588.91
1726542162054,ETHUSDT,bid,2240,10202.871
1726542171405,ETHUSDT,bid,2270,5550.855
1726542176454,ETHUSDT,bid,2260,10218.777
1726542178952,ETHUSDT,bid,2270,5548.657
1726542192178,ETHUSDT,bid,2260,10219.023
1726542231340,ETHUSDT,bid,2260,10174.832
1726542242202,ETHUSDT,bid,2260,10219.675
1726542257922,ETHUSDT,bid,2240,4551.503
1726542298260,ETHUSDT,bid,2260,10222.675
1726542383205,ETHUSDT,bid,2260,10177.832
1726542394616,ETHUSDT,bid,2260,10221.968
1726542401227,ETHUSDT,bid,2220,24737.395
1726542401227,ETHUSDT,bid,2260,10219.761
1726542412803,ETHUSDT,bid,2220,24738.286
1726542424273,ETHUSDT,bid,2260,10212.669
1726542437591,ETHUSDT,bid,2210,10246.021
1726542437591,ETHUSDT,bid,2220,14738.286
1726542437591,ETHUSDT,bid,2230,4765.852
1726542445555,ETHUSDT,bid,2220,14736.228
1726542556537,ETHUSDT,bid,2230,4765.922
1726542564005,ETHUSDT,bid,2230,4786.029
1726542586355,ETHUSDT,bid,2230,4760.293
1726542825221,ETHUSDT,bid,2230,4740.186
1726542827066,ETHUSDT,bid,2220,14792.249
1726543066356,ETHUSDT,bid,2240,4551.453
1726543069292,ETHUSDT,bid,2240,4571.506
1726543195183,ETHUSDT,bid,2230,4740.521
1726543210317,ETHUSDT,bid,2220,14805.73
1726543320039,ETHUSDT,bid,2240,4551.453
1726543378031,ETHUSDT,bid,1940,5285.328
1726543507771,ETHUSDT,bid,2220,14806.23
1726543570690,ETHUSDT,bid,2220,14805.73
1726543668493,ETHUSDT,bid,2220,14807.948
1726543682070,ETHUSDT,bid,2230,4740.021
1726543684623,ETHUSDT,bid,2220,14805.73
1726543727123,ETHUSDT,bid,2230,4739.127
1726543747016,ETHUSDT,bid,2210,10246.04
1726543748062,ETHUSDT,bid,2210,10246.059
1726543758092,ETHUSDT,bid,2210,10246.021
1726543838007,ETHUSDT,bid,2210,10246.04
1726543841096,ETHUSDT,bid,2210,10246.059
1726543848052,ETHUSDT,bid,2210,10246.04
1726543852100,ETHUSDT,bid,2210,10246.021
1726543877759,ETHUSDT,bid,2220,14806.297
1726544023015,ETHUSDT,bid,2210,10246.04
1726544024059,ETHUSDT,bid,2210,10246.059
1726544033046,ETHUSDT,bid,2210,10246.04
1726544034077,ETHUSDT,bid,2210,10246.04
1726544035005,ETHUSDT,bid,2210,10246.059
1726544042767,ETHUSDT,bid,2210,10246.127
1726544042866,ETHUSDT,bid,2210,10246.195
1726544044004,ETHUSDT,bid,2210,10246.176
1726544045031,ETHUSDT,bid,2210,10246.157
1726544087986,ETHUSDT,bid,2210,10246.413
1726544093703,ETHUSDT,bid,2230,4738.359
1726544103205,ETHUSDT,bid,2210,10246.277
1726544814025,ETHUSDT,bid,2210,10246.315
1726544820483,ETHUSDT,bid,2220,14812.239
1726544825007,ETHUSDT,bid,2210,10246.277
1726544952024,ETHUSDT,bid,2210,10256.277
1726545013151,ETHUSDT,bid,2210,10256.457
1726545226813,ETHUSDT,bid,2210,10256.277
1726545242761,ETHUSDT,bid,2220,14806.297
1726545259354,ETHUSDT,bid,2220,14812.239
1726545260378,ETHUSDT,bid,2230,4741.359
1726545273067,ETHUSDT,bid,2230,4745.359
1726545539094,ETHUSDT,bid,2210,10246.277
1726545621942,ETHUSDT,bid,2030,5128.381
1726545701368,ETHUSDT,bid,2230,4775.359
1726545909255,ETHUSDT,bid,1700,6046.279
1726545949409,ETHUSDT,bid,2220,14856.017
1726546037639,ETHUSDT,bid,2240,4551.804
1726546040124,ETHUSDT,bid,2240,4551.453
1726546067031,ETHUSDT,bid,2240,4551.804
1726546092705,ETHUSDT,bid,2240,4551.453
1726546248983,ETHUSDT,bid,2210,10244.056
1726546250718,ETHUSDT,bid,2220,14855.126
1726546374426,ETHUSDT,bid,2210,10244.102
1726546760805,ETHUSDT,bid,2210,10245.102
1726546882252,ETHUSDT,bid,2230,4774.791
1726546936924,ETHUSDT,bid,2220,14854.826
1726546969570,ETHUSDT,bid,2230,4774.641
1726547080440,ETHUSDT,bid,2230,4774.518
1726547242403,ETHUSDT,bid,2230,4775.063
1726547273843,ETHUSDT,bid,2230,4775.041
1726547426639,ETHUSDT,bid,2210,10245.302
1726547527604,ETHUSDT,bid,2240,4571.506
1726547623959,ETHUSDT,bid,2230,4726.651
1726547647227,ETHUSDT,bid,2210,10245.046
1726547778406,ETHUSDT,bid,2240,4551.453
1726547806113,ETHUSDT,bid,2210,10262.125
1726547945623,ETHUSDT,bid,1700,6046.264
1726547960994,ETHUSDT,bid,2230,4726.661
1726548011944,ETHUSDT,bid,2230,4726.865
1726548201844,ETHUSDT,bid,2210,10257.125
1726548206261,ETHUSDT,bid,1960,5224.917
1726548252860,ETHUSDT,bid,2030,5130.006
1726548431419,ETHUSDT,bid,2240,4566.309
1726548440626,ETHUSDT,bid,2240,4581.165
1726548450509,ETHUSDT,bid,2240,4596.021
1726548603298,ETHUSDT,bid,2220,14855.126
1726548612169,ETHUSDT,bid,2230,4726.565
1726548752578,ETHUSDT,bid,2240,4595.798
1726548806711,ETHUSDT,bid,1700,6046.645
1726548930883,ETHUSDT,bid,1960,5224.611
1726548947004,ETHUSDT,bid,1960,5225.121
1726548956616,ETHUSDT,bid,2220,14844.53
1726549031066,ETHUSDT,bid,2220,14844.368
1726549092203,ETHUSDT,bid,2230,4726.02
1726549549659,ETHUSDT,bid,1960,5225.157
1726549771979,ETHUSDT,bid,2210,10254.868
1726549844948,ETHUSDT,bid,2240,4580.942
1726549845837,ETHUSDT,bid,2240,4566.086
1726549857719,ETHUSDT,bid,2240,4569.086
1726549861894,ETHUSDT,bid,2240,4554.23
1726549868206,ETHUSDT,bid,2240,4551.23
1726550016263,ETHUSDT,bid,2230,4734.958
1726550192173,ETHUSDT,bid,2220,14843.856
1726550202767,ETHUSDT,bid,2210,10257.868
1726550327121,ETHUSDT,bid,2230,4726.02
1726550433057,ETHUSDT,bid,2220,14845.153
1726550484510,ETHUSDT,bid,2220,14846.231
1726550857993,ETHUSDT,bid,2030,5128.381
1726551216159,ETHUSDT,bid,2240,4551.186
1726551283665,ETHUSDT,bid,2210,10257.848
1726551490741,ETHUSDT,bid,2230,4726.467
1726551491780,ETHUSDT,bid,2210,10239.564
1726551497013,ETHUSDT,bid,2230,4727.546
1726551500426,ETHUSDT,bid,2210,10234.982
1726551560494,ETHUSDT,bid,1700,6046.657
1726551567199,ETHUSDT,bid,2230,4725.064
1726551582210,ETHUSDT,bid,2220,14914.452
1726551619768,ETHUSDT,bid,2240,4550.356
1726551637028,ETHUSDT,bid,2240,4551.386
1726551753966,ETHUSDT,bid,2230,4725.054
1726551765167,ETHUSDT,bid,2220,14912.205
1726551859863,ETHUSDT,bid,2210,10235.206
1726551894497,ETHUSDT,bid,2220,14912.623
1726551954566,ETHUSDT,bid,2230,4722.054
1726552006209,ETHUSDT,bid,2220,14912.633
1726552055307,ETHUSDT,bid,2230,4722.084
1726552182651,ETHUSDT,bid,2230,4719.84
1726552338147,ETHUSDT,bid,1960,5214.953
1726552356904,ETHUSDT,bid,2230,4724.314
1726552368426,ETHUSDT,bid,2230,4724.304
1726552400663,ETHUSDT,bid,2220,14912.454
1726552515761,ETHUSDT,bid,2230,4724.207
1726552536501,ETHUSDT,bid,2220,14913.801
1726552596364,ETHUSDT,bid,2230,4728.107
1726552626809,ETHUSDT,bid,2210,10234.982
1726552630620,ETHUSDT,bid,2220,14912.454
1726552639321,ETHUSDT,bid,2230,4728.094
1726552644656,ETHUSDT,bid,2220,14906.512
1726552650797,ETHUSDT,bid,2210,10234.972
1726552650797,ETHUSDT,bid,2220,14906.502
1726552650797,ETHUSDT,bid,2230,4728.084
1726552735726,ETHUSDT,bid,2230,4724.184
1726552742101,ETHUSDT,bid,1960,5209.953
1726552745054,ETHUSDT,bid,2230,4727.684
1726552770105,ETHUSDT,bid,2230,4724.184
1726552800573,ETHUSDT,bid,2220,4505.081
1726552827742,ETHUSDT,bid,2220,14906.389
1726552895827,ETHUSDT,bid,2210,10239.472
1726552901016,ETHUSDT,bid,2210,10234.972
1726553016194,ETHUSDT,bid,2230,4727.184
1726553020699,ETHUSDT,bid,2220,14838.168
1726553084491,ETHUSDT,bid,2240,4551.164
1726553091502,ETHUSDT,bid,2220,14839.964
1726553094171,ETHUSDT,bid,2220,14843.515
1726553103613,ETHUSDT,bid,2220,14841.719
1726553110239,ETHUSDT,bid,2220,14838.168
1726553136823,ETHUSDT,bid,2220,14841.718
1726553152462,ETHUSDT,bid,2230,4722.184
1726553152878,ETHUSDT,bid,2220,14838.168
1726553259202,ETHUSDT,bid,2230,4724.184
1726553388536,ETHUSDT,bid,2230,4723.177
1726553579960,ETHUSDT,bid,2220,14838.124
1726553579960,ETHUSDT,bid,2230,4723.133
1726553736548,ETHUSDT,bid,2230,4722.674
1726553859283,ETHUSDT,bid,2220,14841.674
1726553871095,ETHUSDT,bid,2220,4504.351
1726553875428,ETHUSDT,bid,2220,14838.124
1726553882022,ETHUSDT,bid,2220,14883.016
1726553924868,ETHUSDT,bid,1700,6046.555
1726554166281,ETHUSDT,bid,2210,10234.799
1726554166281,ETHUSDT,bid,2220,14883.189
1726554182518,ETHUSDT,bid,2220,14838.297
1726554188187,ETHUSDT,bid,2210,10217.72
1726554375997,ETHUSDT,bid,2210,10219.72
1726554487918,ETHUSDT,bid,2220,14838.124
1726554557007,ETHUSDT,bid,2230,4722.685
1726554669808,ETHUSDT,bid,2240,4550.272
1726555252468,ETHUSDT,bid,2240,4549.826
1726555489819,ETHUSDT,bid,2240,4548.796
1726555534455,ETHUSDT,bid,2230,4722.674
1726555603210,ETHUSDT,bid,2230,4722.339
1726555611924,ETHUSDT,bid,2210,10219.598
1726555626834,ETHUSDT,bid,2210,10219.783
1726555734769,ETHUSDT,bid,2220,14838.104
1726555857672,ETHUSDT,bid,2230,4820.885
1726556027673,ETHUSDT,bid,2220,14838.117
1726556142255,ETHUSDT,bid,2230,4722.339
1726556143309,ETHUSDT,bid,2230,4820.946
1726556358265,ETHUSDT,bid,2230,4821.147
1726556373831,ETHUSDT,bid,2220,14838.319
1726556421058,ETHUSDT,bid,2230,4722.54
1726556422075,ETHUSDT,bid,2230,4821.204
1726556562819,ETHUSDT,bid,2210,10219.276
1726556603486,ETHUSDT,bid,2240,4549.683
1726556623453,ETHUSDT,bid,2230,4821.214
1726556677934,ETHUSDT,bid,2220,14860.76
1726556707191,ETHUSDT,bid,2230,4722.55
1726556708208,ETHUSDT,bid,2230,4821.266
1726556978167,ETHUSDT,bid,2220,14838.319
1726556992790,ETHUSDT,bid,2230,4722.55
1726556993716,ETHUSDT,bid,2230,4821.328
1726557014665,ETHUSDT,bid,2230,4821.808
1726557187916,ETHUSDT,bid,2240,4563.055
1726557191257,ETHUSDT,bid,2240,4618.768
1726557193028,ETHUSDT,bid,2220,14838.969
1726557193755,ETHUSDT,bid,2240,4641.054
1726557279587,ETHUSDT,bid,2230,4723.03
1726557280621,ETHUSDT,bid,2230,4821.873
1726557375236,ETHUSDT,bid,2230,4821.863
1726557375641,ETHUSDT,bid,2240,4641.044
1726557399311,ETHUSDT,bid,2210,10218.276
1726557488390,ETHUSDT,bid,2240,4627.672
1726557491801,ETHUSDT,bid,2240,4571.959
1726557494566,ETHUSDT,bid,2240,4549.673
1726557569335,ETHUSDT,bid,2230,4723.02
1726557570368,ETHUSDT,bid,2230,4821.932
1726557605924,ETHUSDT,bid,2240,4549.683
1726557857972,ETHUSDT,bid,2230,4723.02
1726557858986,ETHUSDT,bid,2230,4821.995
1726557978910,ETHUSDT,bid,2230,4822.495
1726558144236,ETHUSDT,bid,2230,4723.52
1726558145273,ETHUSDT,bid,2230,4822.565
1726558171735,ETHUSDT,bid,2230,4819.565
1726558208913,ETHUSDT,bid,1780,5749.29
1726558333702,ETHUSDT,bid,2220,14838.927
1726558355805,ETHUSDT,bid,2240,4548.88
1726558369841,ETHUSDT,bid,2240,4549.415
1726558426008,ETHUSDT,bid,2230,4720.52
1726558426956,ETHUSDT,bid,2230,4819.64
1726558428412,ETHUSDT,bid,2230,4819.527
1726558448556,ETHUSDT,bid,1950,5264.145
1726558510003,ETHUSDT,bid,2210,10218.358
1726558714034,ETHUSDT,bid,2230,4720.407
1726558715051,ETHUSDT,bid,2230,4819.612
1726558747402,ETHUSDT,bid,2240,4549.405
1726558749871,ETHUSDT,bid,2230,4819.803
1726558838474,ETHUSDT,bid,1700,6046.455
1726558922379,ETHUSDT,bid,2220,14845.999
1726558938609,ETHUSDT,bid,2220,14838.927
1726558998104,ETHUSDT,bid,2230,4720.598
1726558999147,ETHUSDT,bid,2230,4819.889
1726559053623,ETHUSDT,bid,1680,9022.734
1726559053623,ETHUSDT,bid,1700,6046.473
1726559053623,ETHUSDT,bid,1710,5871.481
1726559053623,ETHUSDT,bid,1740,5778.813
1726559053623,ETHUSDT,bid,1780,5749.308
1726559053623,ETHUSDT,bid,1960,5209.971
1726559065247,ETHUSDT,bid,2210,10212.913
1726559083050,ETHUSDT,bid,1680,9022.716
1726559083050,ETHUSDT,bid,1700,6046.455
1726559083050,ETHUSDT,bid,1710,5871.463
1726559083050,ETHUSDT,bid,1740,5778.795
1726559083050,ETHUSDT,bid,1780,5749.29
1726559083050,ETHUSDT,bid,1960,5209.953
1726559116949,ETHUSDT,bid,2240,4548.518
1726559126205,ETHUSDT,bid,1740,5778.717
1726559126205,ETHUSDT,bid,2210,10212.852
1726559239648,ETHUSDT,bid,2300,8668.953
1726559242304,ETHUSDT,bid,2300,8669.853
1726559243336,ETHUSDT,bid,2300,8668.953
1726559244469,ETHUSDT,bid,2300,8680.107
1726559250898,ETHUSDT,bid,2300,8664.622
1726559251100,ETHUSDT,bid,1680,9022.737
1726559251100,ETHUSDT,bid,1700,6046.476
1726559251100,ETHUSDT,bid,1710,5871.484
1726559251100,ETHUSDT,bid,1740,5778.738
1726559251100,ETHUSDT,bid,1780,5749.311
1726559251100,ETHUSDT,bid,1960,5209.974
1726559251199,ETHUSDT,bid,2300,8664.872
1726559251300,ETHUSDT,bid,2300,8664.842
1726559252646,ETHUSDT,bid,2300,8665.842
1726559255440,ETHUSDT,bid,2300,8669.953
1726559255542,ETHUSDT,bid,2300,8674.284
1726559255644,ETHUSDT,bid,2300,8669.953
1726559256154,ETHUSDT,bid,2300,8665.622
1726559256255,ETHUSDT,bid,2300,8666.123
1726559259082,ETHUSDT,bid,2300,8667.023
1726559259596,ETHUSDT,bid,2300,8667.023
1726559261029,ETHUSDT,bid,2300,8668.955
1726559261129,ETHUSDT,bid,2300,8666.123
1726559262047,ETHUSDT,bid,2300,8666.123
1726559263101,ETHUSDT,bid,2300,8666.123
1726559263511,ETHUSDT,bid,2300,8666.132
1726559265093,ETHUSDT,bid,2300,8675.499
1726559265293,ETHUSDT,bid,2300,8665.622
1726559266105,ETHUSDT,bid,2300,8696.082
1726559266212,ETHUSDT,bid,2300,8687.382
1726559266315,ETHUSDT,bid,2300,8665.622
1726559272440,ETHUSDT,bid,2300,8656.281
1726559272642,ETHUSDT,bid,2300,8656.281
1726559279207,ETHUSDT,bid,2230,4720.598
1726559280164,ETHUSDT,bid,2230,4819.982
1726559282645,ETHUSDT,bid,2300,8661.86
1726559282869,ETHUSDT,bid,2300,8656.281
1726559291411,ETHUSDT,bid,2300,8656.281
1726559295522,ETHUSDT,bid,2300,8660.281
1726559298942,ETHUSDT,bid,2300,8660.215
1726559301753,ETHUSDT,bid,2300,8662.215
1726559327703,ETHUSDT,bid,2300,8662.829
1726559340416,ETHUSDT,bid,2300,8662.969
1726559349846,ETHUSDT,bid,2300,8663.077
1726559349947,ETHUSDT,bid,2300,8662.969
1726559350359,ETHUSDT,bid,2300,8663.249
1726559351813,ETHUSDT,bid,2300,8663.508
1726559355217,ETHUSDT,bid,2300,8663.604
1726559361343,ETHUSDT,bid,2300,8663.808
1726559361423,ETHUSDT,bid,2300,8664.088
1726559368805,ETHUSDT,bid,2300,8664.088
1726559369940,ETHUSDT,bid,2300,8664.954
1726559370143,ETHUSDT,bid,2300,8663.482
1726559370342,ETHUSDT,bid,2300,8663.342
1726559372101,ETHUSDT,bid,2300,8675.464
1726559372202,ETHUSDT,bid,2300,8663.342
1726559372302,ETHUSDT,bid,2300,8663.472
1726559372715,ETHUSDT,bid,2300,8663.384
1726559373440,ETHUSDT,bid,2300,8672.084
1726559373745,ETHUSDT,bid,2300,8663.384
1726559375488,ETHUSDT,bid,2300,8663.514
1726559376937,ETHUSDT,bid,2300,8664.714
1726559377042,ETHUSDT,bid,2300,8664.672
1726559377980,ETHUSDT,bid,2300,8664.542
1726559385610,ETHUSDT,bid,2300,8665.841
1726559385710,ETHUSDT,bid,2300,8665.408
1726559388088,ETHUSDT,bid,2300,8665.417
1726559392038,ETHUSDT,bid,2300,8664.217
1726559394264,ETHUSDT,bid,2300,8665.749
1726559399492,ETHUSDT,bid,2300,8664.883
1726559399902,ETHUSDT,bid,2300,8664.787
1726559406939,ETHUSDT,bid,2300,8664.37
1726559420469,ETHUSDT,bid,2300,8662.708
1726559422339,ETHUSDT,bid,2300,8667.952
1726559423169,ETHUSDT,bid,2300,8667.255
1726559425022,ETHUSDT,bid,2300,8663.255
1726559426159,ETHUSDT,bid,2300,8671.965
1726559426975,ETHUSDT,bid,2300,8663.255
1726559428606,ETHUSDT,bid,2300,8673.233
1726559429628,ETHUSDT,bid,2300,8673.373
1726559430450,ETHUSDT,bid,2300,8663.395
1726559435107,ETHUSDT,bid,2300,8671.192
1726559435414,ETHUSDT,bid,2300,8672.058
1726559435820,ETHUSDT,bid,2300,8658.568
1726559436330,ETHUSDT,bid,2300,8670.69
1726559436945,ETHUSDT,bid,2300,8670.55
1726559437559,ETHUSDT,bid,2300,8658.685
1726559437661,ETHUSDT,bid,2300,8657.602
1726559438279,ETHUSDT,bid,2300,8657.612
1726559438480,ETHUSDT,bid,2300,8657.602
1726559440534,ETHUSDT,bid,2300,8657.086
1726559440737,ETHUSDT,bid,2300,8657.117
1726559440837,ETHUSDT,bid,2300,8656.733
1726559441249,ETHUSDT,bid,2300,8656.702
1726559441662,ETHUSDT,bid,2300,8658.411
1726559441762,ETHUSDT,bid,2300,8661.934
1726559443213,ETHUSDT,bid,2300,8657.602
1726559443622,ETHUSDT,bid,2300,8657.743
1726559444349,ETHUSDT,bid,2300,8656.843
1726559444551,ETHUSDT,bid,2300,8656.86
1726559444652,ETHUSDT,bid,2300,8656.719
1726559445058,ETHUSDT,bid,2300,8656.729
1726559445152,ETHUSDT,bid,2300,8656.719
1726559446619,ETHUSDT,bid,2300,8656.719
1726559447543,ETHUSDT,bid,2300,8656.719
1726559447636,ETHUSDT,bid,2300,8657.119
1726559448770,ETHUSDT,bid,2300,8656.719
1726559452434,ETHUSDT,bid,2300,8657.119
1726559452840,ETHUSDT,bid,2300,8658.002
1726559454075,ETHUSDT,bid,2300,8658.002
1726559454485,ETHUSDT,bid,2300,8657.102
1726559455623,ETHUSDT,bid,2300,8658.002
1726559455725,ETHUSDT,bid,2300,8665.298
1726559455826,ETHUSDT,bid,2300,8664.398
1726559455928,ETHUSDT,bid,2300,8689.755
1726559456340,ETHUSDT,bid,2300,8689.77
1726559456659,ETHUSDT,bid,2300,8686.806
1726559457303,ETHUSDT,bid,2300,8686.791
1726559457611,ETHUSDT,bid,2300,8685.888
1726559457711,ETHUSDT,bid,2300,8678.757
1726559458205,ETHUSDT,bid,2300,8679.167
1726559458534,ETHUSDT,bid,2300,8679.656
1726559458636,ETHUSDT,bid,2300,8670.094
1726559458839,ETHUSDT,bid,2300,8670.994
1726559458936,ETHUSDT,bid,2300,8678.991
1726559459352,ETHUSDT,bid,2300,8680.074
1726559459448,ETHUSDT,bid,2300,8672.077
1726559460201,ETHUSDT,bid,2300,8670.994
1726559461024,ETHUSDT,bid,2300,8672.077
1726559463942,ETHUSDT,bid,2300,8671.677
1726559464244,ETHUSDT,bid,2300,8670.594
1726559464665,ETHUSDT,bid,2300,8670.623
1726559464756,ETHUSDT,bid,2300,8670.594
1726559468306,ETHUSDT,bid,2300,8669.694
1726559468404,ETHUSDT,bid,2300,8669.782
1726559471317,ETHUSDT,bid,2300,8669.811
1726559471419,ETHUSDT,bid,2300,8669.782
1726559471727,ETHUSDT,bid,2300,8672.582
1726559472351,ETHUSDT,bid,2300,8672.597
1726559473304,ETHUSDT,bid,2300,8672.582
1726559473622,ETHUSDT,bid,2300,8659.59
1726559473735,ETHUSDT,bid,2300,8659.502
1726559474374,ETHUSDT,bid,2300,8656.702
1726559476974,ETHUSDT,bid,2300,8657.884
1726559478305,ETHUSDT,bid,2300,8657.884
1726559480285,ETHUSDT,bid,2300,8657.884
1726559480384,ETHUSDT,bid,2300,8668.007
1726559480597,ETHUSDT,bid,2300,8655.884
1726559481942,ETHUSDT,bid,2300,8655.914
1726559482049,ETHUSDT,bid,2300,8658.923
1726559482254,ETHUSDT,bid,2300,8658.893
1726559482558,ETHUSDT,bid,2300,8670.244
1726559482658,ETHUSDT,bid,2300,8670.677
1726559482964,ETHUSDT,bid,2300,8692.329
1726559483064,ETHUSDT,bid,2300,8693.129
1726559483163,ETHUSDT,bid,2300,8692.229
1726559483364,ETHUSDT,bid,2300,8670.166
1726559487911,ETHUSDT,bid,2300,8670.176
1726559509983,ETHUSDT,bid,2300,8670.206
1726559510184,ETHUSDT,bid,2300,8670.176
1726559510293,ETHUSDT,bid,2300,8670.205
1726559510396,ETHUSDT,bid,2300,8670.176
1726559520719,ETHUSDT,bid,2300,8669.816
1726559521850,ETHUSDT,bid,2300,8664.694
1726559526365,ETHUSDT,bid,2300,8657.066
1726559532074,ETHUSDT,bid,2300,8656.014
1726559540740,ETHUSDT,bid,2300,8656.364
1726559551305,ETHUSDT,bid,2300,8656.9
1726559553155,ETHUSDT,bid,2300,8656.77
1726559560500,ETHUSDT,bid,2300,8656.821
1726559566262,ETHUSDT,bid,2230,4720.598
1726559567205,ETHUSDT,bid,2230,4820.075
1726559577671,ETHUSDT,bid,2300,8656.87
1726559596065,ETHUSDT,bid,2300,8656.88
1726559596689,ETHUSDT,bid,2300,8657.496
1726559603707,ETHUSDT,bid,2300,8657.919
1726559603807,ETHUSDT,bid,2300,8657.486
1726559604229,ETHUSDT,bid,2300,8656.87
1726559607561,ETHUSDT,bid,2300,8656.52
1726559608589,ETHUSDT,bid,2300,8656.62
1726559612299,ETHUSDT,bid,2300,8657.5
1726559613635,ETHUSDT,bid,2300,8669.825
1726559613737,ETHUSDT,bid,2300,8669.845
1726559613838,ETHUSDT,bid,2300,8669.854
1726559613935,ETHUSDT,bid,2300,8669.854
1726559614359,ETHUSDT,bid,2300,8669.854
1726559614449,ETHUSDT,bid,2300,8657.732
1726559614661,ETHUSDT,bid,2300,8657.712
1726559615178,ETHUSDT,bid,2300,8656.629
1726559617264,ETHUSDT,bid,2300,8659.029
1726559617788,ETHUSDT,bid,2300,8660.082
1726559617892,ETHUSDT,bid,2300,8661.682
1726559618203,ETHUSDT,bid,2300,8664.413
1726559618609,ETHUSDT,bid,2300,8661.382
1726559618813,ETHUSDT,bid,2300,8661.454
1726559618911,ETHUSDT,bid,2300,8673.505
1726559619118,ETHUSDT,bid,2300,8661.382
1726559620236,ETHUSDT,bid,2300,8663.114
1726559620348,ETHUSDT,bid,2300,8661.382
1726559622213,ETHUSDT,bid,2300,8658.765
1726559623573,ETHUSDT,bid,2300,8669.981
1726559624205,ETHUSDT,bid,2300,8671.998
1726559625024,ETHUSDT,bid,2300,8658.765
1726559628756,ETHUSDT,bid,2300,8657.682
1726559630519,ETHUSDT,bid,2300,8658.582
1726559632483,ETHUSDT,bid,2300,8666.578
1726559632793,ETHUSDT,bid,2300,8665.678
1726559633717,ETHUSDT,bid,2300,8657.682
1726559634333,ETHUSDT,bid,2300,8657.724
1726559636087,ETHUSDT,bid,2300,8658.998
1726559639576,ETHUSDT,bid,2300,8660.73
1726559640388,ETHUSDT,bid,2300,8660.688
1726559642032,ETHUSDT,bid,2300,8660.772
1726559642439,ETHUSDT,bid,2300,8660.822
1726559642639,ETHUSDT,bid,2300,8660.738
1726559643047,ETHUSDT,bid,2300,8660.937
1726559643673,ETHUSDT,bid,2300,8661.078
1726559643771,ETHUSDT,bid,2300,8683.488
1726559644079,ETHUSDT,bid,2300,8683.498
1726559644180,ETHUSDT,bid,2300,8661.078
1726559644588,ETHUSDT,bid,2300,8661.978
1726559645512,ETHUSDT,bid,2300,8661.078
1726559646352,ETHUSDT,bid,2300,8660.878
1726559646967,ETHUSDT,bid,2300,8660.888
1726559647379,ETHUSDT,bid,2300,8660.878
1726559647679,ETHUSDT,bid,2300,8660.878
1726559647785,ETHUSDT,bid,2300,8659.626
1726559650279,ETHUSDT,bid,2300,8659.09
1726559652551,ETHUSDT,bid,2300,8659.121
1726559653468,ETHUSDT,bid,2300,8659.09
1726559657768,ETHUSDT,bid,2300,8657.358
1726559667876,ETHUSDT,bid,2300,8657.388
1726559669433,ETHUSDT,bid,2300,8657.358
1726559670553,ETHUSDT,bid,2300,8676.11
1726559676977,ETHUSDT,bid,2300,8657.358
1726559677077,ETHUSDT,bid,2300,8692.02
1726559677384,ETHUSDT,bid,2300,8699.598
1726559677585,ETHUSDT,bid,2300,8699.948
1726559679124,ETHUSDT,bid,2300,8700.815
1726559679848,ETHUSDT,bid,2300,8666.153
1726559684602,ETHUSDT,bid,2300,8684.904
1726559687897,ETHUSDT,bid,2300,8685.804
1726559689662,ETHUSDT,bid,2300,8684.904
1726559690584,ETHUSDT,bid,2300,8685.125
1726559692059,ETHUSDT,bid,2300,8666.374
1726559693704,ETHUSDT,bid,2300,8658.796
1726559700204,ETHUSDT,bid,2300,8658.575
1726559706939,ETHUSDT,bid,2300,8659.475
1726559707143,ETHUSDT,bid,2300,8659.563
1726559707348,ETHUSDT,bid,2300,8659.475
1726559707547,ETHUSDT,bid,2300,8658.575
1726559712817,ETHUSDT,bid,2300,8657.301
1726559717171,ETHUSDT,bid,2300,8656.951
1726559720715,ETHUSDT,bid,2300,8666.032
1726559720816,ETHUSDT,bid,2300,8661.701
1726559721018,ETHUSDT,bid,2300,8665.651
1726559721423,ETHUSDT,bid,2300,8665.676
1726559722151,ETHUSDT,bid,2300,8665.806
1726559723193,ETHUSDT,bid,2300,8666.806
1726559723294,ETHUSDT,bid,2300,8665.806
1726559724135,ETHUSDT,bid,2300,8657.106
1726559727285,ETHUSDT,bid,2300,8657.081
1726559730520,ETHUSDT,bid,2300,8657.106
1726559730822,ETHUSDT,bid,2300,8657.492
1726559732264,ETHUSDT,bid,2300,8657.467
1726559734027,ETHUSDT,bid,2300,8657.467
1726559734544,ETHUSDT,bid,2300,8658.367
1726559735789,ETHUSDT,bid,2300,8658.475
1726559735885,ETHUSDT,bid,2300,8657.575
1726559735992,ETHUSDT,bid,2300,8657.467
1726559736194,ETHUSDT,bid,2300,8657.337
1726559736601,ETHUSDT,bid,2300,8658.237
1726559736702,ETHUSDT,bid,2300,8662.568
1726559737208,ETHUSDT,bid,2300,8662.61
1726559738673,ETHUSDT,bid,2300,8662.652
1726559739454,ETHUSDT,bid,2300,8662.677
1726559739876,ETHUSDT,bid,2300,8662.719
1726559740297,ETHUSDT,bid,2300,8662.694
1726559742283,ETHUSDT,bid,2300,8662.652
1726559742904,ETHUSDT,bid,2300,8662.694
1726559744505,ETHUSDT,bid,2300,8662.719
1726559744712,ETHUSDT,bid,2300,8662.677
1726559744812,ETHUSDT,bid,2300,8662.677
1726559745333,ETHUSDT,bid,2300,8662.61
1726559745539,ETHUSDT,bid,2300,8662.568
1726559745860,ETHUSDT,bid,2300,8662.61
1726559746488,ETHUSDT,bid,2300,8662.635
1726559747311,ETHUSDT,bid,2300,8662.61
1726559749650,ETHUSDT,bid,2300,8662.89
1726559750269,ETHUSDT,bid,2300,8662.848
1726559750482,ETHUSDT,bid,2300,8662.873
1726559750799,ETHUSDT,bid,2300,8663.045
1726559751313,ETHUSDT,bid,2300,8663.02
1726559751516,ETHUSDT,bid,2300,8662.078
1726559752438,ETHUSDT,bid,2300,8662.103
1726559753470,ETHUSDT,bid,2300,8662.133
1726559753573,ETHUSDT,bid,2300,8662.103
1726559754306,ETHUSDT,bid,2300,8663.003
1726559755340,ETHUSDT,bid,2300,8662.978
1726559755778,ETHUSDT,bid,2300,8662.078
1726559756941,ETHUSDT,bid,2300,8661.692
1726559757342,ETHUSDT,bid,2300,8661.692
1726559757856,ETHUSDT,bid,2300,8661.822
1726559760879,ETHUSDT,bid,2300,8657.491
1726559760978,ETHUSDT,bid,2300,8666.161
1726559761081,ETHUSDT,bid,2300,8657.491
1726559761492,ETHUSDT,bid,2300,8657.516
1726559762518,ETHUSDT,bid,2300,8657.386
1726559765812,ETHUSDT,bid,2300,8657.507
1726559766903,ETHUSDT,bid,2300,8657.386
1726559767306,ETHUSDT,bid,2300,8657.361
1726559768346,ETHUSDT,bid,2300,8658.571
1726559768446,ETHUSDT,bid,2300,8658.596
1726559769247,ETHUSDT,bid,2300,8658.946
1726559769377,ETHUSDT,bid,2300,8659.256
1726559770311,ETHUSDT,bid,2300,8659.231
1726559775718,ETHUSDT,bid,2300,8667.358
1726559776441,ETHUSDT,bid,2300,8666.698
1726559778017,ETHUSDT,bid,2300,8665.831
1726559797036,ETHUSDT,bid,2300,8656.494
1726559799714,ETHUSDT,bid,2300,8688.25
1726559801366,ETHUSDT,bid,2300,8688.12
1726559816240,ETHUSDT,bid,2240,4548.072
1726559826719,ETHUSDT,bid,2300,8688.244
1726559832397,ETHUSDT,bid,2300,8688.12
1726559842409,ETHUSDT,bid,2300,8689.12
1726559842616,ETHUSDT,bid,2300,8688.12
1726559847800,ETHUSDT,bid,2300,8688.168
1726559851357,ETHUSDT,bid,2230,4720.598
1726559852392,ETHUSDT,bid,2230,4820.168
1726559858541,ETHUSDT,bid,2300,8697.547
1726559859373,ETHUSDT,bid,2300,8688.168
1726559859569,ETHUSDT,bid,2300,8689.168
1726559859995,ETHUSDT,bid,2300,8688.168
1726559861431,ETHUSDT,bid,2300,8688.168
1726559861545,ETHUSDT,bid,2300,8689.068
1726559862252,ETHUSDT,bid,2300,8688.168
1726559868354,ETHUSDT,bid,2300,8688.276
1726559870443,ETHUSDT,bid,2300,8688.168
1726559880336,ETHUSDT,bid,2300,8688.916
1726559883803,ETHUSDT,bid,2300,8689.946
1726559884209,ETHUSDT,bid,2300,8689.946
1726559886294,ETHUSDT,bid,2300,8694.277
1726559886395,ETHUSDT,bid,2300,8694.297
1726559886498,ETHUSDT,bid,2300,8698.277
1726559886599,ETHUSDT,bid,2300,8689.836
1726559886702,ETHUSDT,bid,2300,8689.816
1726559888637,ETHUSDT,bid,2300,8690.424
1726559889684,ETHUSDT,bid,2300,8689.816
1726559890709,ETHUSDT,bid,2300,8689.946
1726559891739,ETHUSDT,bid,2300,8689.966
1726559891940,ETHUSDT,bid,2300,8689.966
1726559892160,ETHUSDT,bid,2300,8694.297
1726559892263,ETHUSDT,bid,2300,8694.297
1726559892575,ETHUSDT,bid,2300,8693.549
1726559893007,ETHUSDT,bid,2300,8693.549
1726559893331,ETHUSDT,bid,2300,8693.549
1726559893658,ETHUSDT,bid,2300,8693.549
1726559894072,ETHUSDT,bid,2300,8693.549
1726559894280,ETHUSDT,bid,2300,8693.549
1726559894583,ETHUSDT,bid,2300,8693.549
1726559895003,ETHUSDT,bid,2300,8693.549
1726559895310,ETHUSDT,bid,2300,8693.549
1726559895717,ETHUSDT,bid,2300,8693.549
1726559896392,ETHUSDT,bid,2300,8693.549
1726559896605,ETHUSDT,bid,2300,8694.157
1726559896715,ETHUSDT,bid,2300,8694.157
1726559897047,ETHUSDT,bid,2300,8694.157
1726559897345,ETHUSDT,bid,2300,8694.157
1726559897678,ETHUSDT,bid,2300,8693.549
1726559898110,ETHUSDT,bid,2300,8693.549
1726559898418,ETHUSDT,bid,2300,8693.549
1726559898729,ETHUSDT,bid,2300,8693.549
1726559899154,ETHUSDT,bid,2300,8693.549
1726559899483,ETHUSDT,bid,2300,8693.549
1726559899805,ETHUSDT,bid,2300,8693.549
1726559900064,ETHUSDT,bid,2300,8693.549
1726559900370,ETHUSDT,bid,2300,8693.529
1726559903002,ETHUSDT,bid,2300,8689.198
1726559903413,ETHUSDT,bid,2300,8690.281
1726559906856,ETHUSDT,bid,2300,8703.271
1726559907465,ETHUSDT,bid,2300,8702.757
1726559908179,ETHUSDT,bid,2300,8702.058
1726559908271,ETHUSDT,bid,2300,8704.89
1726559909106,ETHUSDT,bid,2300,8702.058
1726559912035,ETHUSDT,bid,2300,8702.112
1726559914889,ETHUSDT,bid,2220,14838.918
1726559919459,ETHUSDT,bid,2300,8704.278
1726559919566,ETHUSDT,bid,2300,8704.32
1726559919675,ETHUSDT,bid,2300,8708.651
1726559921658,ETHUSDT,bid,2300,8708.851
1726559924307,ETHUSDT,bid,2300,8708.809
1726559925424,ETHUSDT,bid,2300,8715.122
1726559925735,ETHUSDT,bid,2300,8715.138
1726559925835,ETHUSDT,bid,2300,8728.128
1726559926447,ETHUSDT,bid,2300,8718.749
1726559926553,ETHUSDT,bid,2300,8714.418
1726559928003,ETHUSDT,bid,2300,8714.418
1726559930534,ETHUSDT,bid,2300,8715.318
1726559931274,ETHUSDT,bid,2300,8715.318
1726559931687,ETHUSDT,bid,2300,8716.401
1726559932507,ETHUSDT,bid,2300,8715.318
1726559935198,ETHUSDT,bid,2300,8701.428
1726559936119,ETHUSDT,bid,2300,8688.422
1726559944558,ETHUSDT,bid,2300,8689.288
1726559945503,ETHUSDT,bid,2300,8688.422
1726559946515,ETHUSDT,bid,2300,8690.021
1726559947152,ETHUSDT,bid,2300,8691.146
1726559947669,ETHUSDT,bid,2300,8691.104
1726559947878,ETHUSDT,bid,2300,8690.204
1726559948382,ETHUSDT,bid,2300,8689.121
1726559949106,ETHUSDT,bid,2300,8692.267
1726559952526,ETHUSDT,bid,2300,8690.667
1726559955217,ETHUSDT,bid,2300,8689.222
1726559958047,ETHUSDT,bid,2300,8690.305
1726559960149,ETHUSDT,bid,2300,8688.432
1726559961402,ETHUSDT,bid,2300,8688.384
1726559961913,ETHUSDT,bid,2300,8690.456
1726559962129,ETHUSDT,bid,2300,8688.384
1726559963533,ETHUSDT,bid,2300,8688.374
1726559972444,ETHUSDT,bid,2300,8688.529
1726559976237,ETHUSDT,bid,2300,8688.374
1726559979906,ETHUSDT,bid,2300,8656.618
1726559981954,ETHUSDT,bid,2300,8661.618
1726559984858,ETHUSDT,bid,2300,8656.618
1726559985889,ETHUSDT,bid,2300,8624.589
1726559985991,ETHUSDT,bid,2300,8632.597
1726559986082,ETHUSDT,bid,2300,8632.764
1726559986192,ETHUSDT,bid,2300,8570.716
1726559986299,ETHUSDT,bid,2300,8580.067
1726559986505,ETHUSDT,bid,2300,8580.057
1726559986607,ETHUSDT,bid,2300,8581.738
1726559986711,ETHUSDT,bid,2300,8581.694
1726559986814,ETHUSDT,bid,2300,8585.204
1726559986922,ETHUSDT,bid,2300,8581.676
1726559987023,ETHUSDT,bid,2300,8585.185
1726559987121,ETHUSDT,bid,2300,8585.131
1726559987226,ETHUSDT,bid,2300,8577.215
1726559987328,ETHUSDT,bid,2300,8585.169
1726559987433,ETHUSDT,bid,2300,8585.213
1726559987634,ETHUSDT,bid,2300,8585.179
1726559987741,ETHUSDT,bid,2300,8585.213
1726559987845,ETHUSDT,bid,2300,8585.213
1726559987945,ETHUSDT,bid,2300,8568.399
1726559988050,ETHUSDT,bid,2300,8567.949
1726559988145,ETHUSDT,bid,2300,8567.909
1726559988259,ETHUSDT,bid,2300,8567.861
1726559993106,ETHUSDT,bid,2300,8567.876
1726559993634,ETHUSDT,bid,2300,8566.476
1726559993741,ETHUSDT,bid,2300,8564.276
1726559994155,ETHUSDT,bid,2300,8564.261
1726559996136,ETHUSDT,bid,2300,8564.274
1726559997100,ETHUSDT,bid,2300,8564.261
1726559998161,ETHUSDT,bid,2300,8564.275
1726559998571,ETHUSDT,bid,2300,8507.485
1726559998666,ETHUSDT,bid,2300,8514.196
1726559998776,ETHUSDT,bid,2300,8506.198
1726559998980,ETHUSDT,bid,2300,8505.982
1726559999101,ETHUSDT,bid,2300,8513.51
1726559999201,ETHUSDT,bid,2300,8511.04
1726559999303,ETHUSDT,bid,2300,8509.796
1726560003623,ETHUSDT,bid,2220,14839.198
1726560005152,ETHUSDT,bid,2300,8503.711
1726560005676,ETHUSDT,bid,2300,8503.711
1726560006088,ETHUSDT,bid,2300,8503.696
1726560007438,ETHUSDT,bid,2300,8504.779
1726560008489,ETHUSDT,bid,2300,8503.696
1726560014641,ETHUSDT,bid,2300,8503.706
1726560015602,ETHUSDT,bid,2300,8504.789
1726560016634,ETHUSDT,bid,2300,8503.706
1726560017372,ETHUSDT,bid,2300,8505.778
1726560017576,ETHUSDT,bid,2300,8503.706
1726560024510,ETHUSDT,bid,2300,8504.789
1726560024822,ETHUSDT,bid,2300,8503.706
1726560025330,ETHUSDT,bid,2300,8505.702
1726560025547,ETHUSDT,bid,2300,8503.706
1726560025848,ETHUSDT,bid,2300,8504.106
1726560027605,ETHUSDT,bid,2300,8503.706
1726560028868,ETHUSDT,bid,2300,8504.606
1726560032504,ETHUSDT,bid,2300,8503.706
1726560033220,ETHUSDT,bid,2300,8513.048
1726560033628,ETHUSDT,bid,2300,8513.178
1726560033727,ETHUSDT,bid,2300,8538.178
1726560034026,ETHUSDT,bid,2300,8538.286
1726560034244,ETHUSDT,bid,2300,8538.178
1726560034549,ETHUSDT,bid,2300,8538.286
1726560034650,ETHUSDT,bid,2300,8538.178
1726560042645,ETHUSDT,bid,2300,8538.168
1726560043578,ETHUSDT,bid,2300,8537.273
1726560053103,ETHUSDT,bid,2300,8527.931
1726560053203,ETHUSDT,bid,2300,8528.19
1726560056221,ETHUSDT,bid,2300,8546.944
1726560057559,ETHUSDT,bid,2300,8546.685
1726560057966,ETHUSDT,bid,2300,8527.931
1726560058789,ETHUSDT,bid,2300,8527.942
1726560061838,ETHUSDT,bid,2300,8527.952
1726560062548,ETHUSDT,bid,2300,8527.942
1726560062857,ETHUSDT,bid,2300,8527.992
1726560069329,ETHUSDT,bid,2300,8527.942
1726560069530,ETHUSDT,bid,2300,8527.962
1726560070144,ETHUSDT,bid,2300,8529.368
1726560074861,ETHUSDT,bid,2300,8529.627
1726560075165,ETHUSDT,bid,2300,8529.636
1726560077161,ETHUSDT,bid,2300,8529.627
1726560080148,ETHUSDT,bid,2300,8528.221
1726560083450,ETHUSDT,bid,2300,8528.244
1726560089505,ETHUSDT,bid,2300,8528.221
1726560090944,ETHUSDT,bid,2300,8528.921
1726560092731,ETHUSDT,bid,2300,8529.578
1726560098367,ETHUSDT,bid,2300,8529.524
1726560104421,ETHUSDT,bid,2300,8538.234
1726560105131,ETHUSDT,bid,2300,8529.524
1726560116311,ETHUSDT,bid,2300,8535.081
1726560120617,ETHUSDT,bid,2300,8534.951
1726560132550,ETHUSDT,bid,2230,4720.598
1726560133620,ETHUSDT,bid,2230,4820.265
1726560149702,ETHUSDT,bid,2230,4819.93
1726560154569,ETHUSDT,bid,2300,8534.94
1726560156303,ETHUSDT,bid,2300,8535.1
1726560157236,ETHUSDT,bid,2300,8535.26
1726560160150,ETHUSDT,bid,2300,8535.379
1726560169836,ETHUSDT,bid,2300,8535.59
1726560170651,ETHUSDT,bid,2300,8538.89
1726560174585,ETHUSDT,bid,2300,8538.73
1726560174783,ETHUSDT,bid,2300,8538.648
1726560181513,ETHUSDT,bid,2300,8538.488
1726560184902,ETHUSDT,bid,2300,8538.498
1726560186854,ETHUSDT,bid,2300,8513.498
1726560190236,ETHUSDT,bid,2300,8513.379
1726560190954,ETHUSDT,bid,2300,8513.409
1726560192273,ETHUSDT,bid,2300,8513.379
1726560193702,ETHUSDT,bid,2300,8518.379
1726560196073,ETHUSDT,bid,2300,8518.25
1726560201620,ETHUSDT,bid,2300,8518.273
1726560203404,ETHUSDT,bid,2300,8519.616
1726560204525,ETHUSDT,bid,2300,8519.606
1726560206270,ETHUSDT,bid,2300,8519.789
1726560210959,ETHUSDT,bid,2300,8519.606
1726560218889,ETHUSDT,bid,2300,8519.691
1726560220238,ETHUSDT,bid,2300,8519.839
1726560223855,ETHUSDT,bid,2300,8554.789
1726560224606,ETHUSDT,bid,2300,8520.704
1726560230166,ETHUSDT,bid,2300,8519.839
1726560233368,ETHUSDT,bid,2300,8518.496
1726560238304,ETHUSDT,bid,2300,8520.167
1726560243932,ETHUSDT,bid,2300,8520.177
1726560244542,ETHUSDT,bid,2300,8520.288
1726560248919,ETHUSDT,bid,2300,8520.365
1726560250238,ETHUSDT,bid,2300,8520.217
1726560268285,ETHUSDT,bid,2300,8518.546
1726560274340,ETHUSDT,bid,2300,8518.566
1726560276681,ETHUSDT,bid,2220,4504.312
1726560277496,ETHUSDT,bid,2300,8522.317
1726560281918,ETHUSDT,bid,2300,8522.217
1726560299731,ETHUSDT,bid,2300,8531.576
1726560300344,ETHUSDT,bid,2210,10212.821
1726560300344,ETHUSDT,bid,2220,14839.167
1726560300344,ETHUSDT,bid,2230,4819.899
1726560302172,ETHUSDT,bid,2300,8522.454
1726560303801,ETHUSDT,bid,2300,8517.454
1726560305734,ETHUSDT,bid,2300,8517.437
1726560319659,ETHUSDT,bid,2300,8517.597
1726560320576,ETHUSDT,bid,2300,8517.727
1726560330476,ETHUSDT,bid,2300,8517.597
1726560331191,ETHUSDT,bid,2300,8518.81
1726560332003,ETHUSDT,bid,2300,8519.157
1726560333229,ETHUSDT,bid,2300,8519.157
1726560333744,ETHUSDT,bid,2300,8518.997
1726560333846,ETHUSDT,bid,2300,8532.501
1726560335069,ETHUSDT,bid,2300,8601.825
1726560338466,ETHUSDT,bid,2300,8532.501
1726560341431,ETHUSDT,bid,2300,8532.501
1726560341739,ETHUSDT,bid,2300,8532.154
1726560344622,ETHUSDT,bid,2300,8518.65
1726560353683,ETHUSDT,bid,2300,8527.01
1726560366696,ETHUSDT,bid,2220,14839.178
1726560367614,ETHUSDT,bid,2220,14839.167
1726560371211,ETHUSDT,bid,2300,8521.453
1726560372048,ETHUSDT,bid,2300,8513.093
1726560372355,ETHUSDT,bid,2300,8513.093
1726560373092,ETHUSDT,bid,2300,8514.083
1726560375550,ETHUSDT,bid,2300,8532.824
1726560377182,ETHUSDT,bid,2300,8514.083
1726560377904,ETHUSDT,bid,2300,8514.083
1726560379030,ETHUSDT,bid,2300,8512.87
1726560380456,ETHUSDT,bid,2300,8522.243
1726560382807,ETHUSDT,bid,2220,14839.067
1726560383620,ETHUSDT,bid,2230,4819.799
1726560386277,ETHUSDT,bid,2220,14839.018
1726560388423,ETHUSDT,bid,2300,8512.377
1726560389750,ETHUSDT,bid,2300,8512.997
1726560390565,ETHUSDT,bid,2300,8512.377
1726560392200,ETHUSDT,bid,2300,8513.277
1726560392914,ETHUSDT,bid,2300,8512.377
1726560395369,ETHUSDT,bid,2300,8511.897
1726560396805,ETHUSDT,bid,2300,8514.063
1726560397213,ETHUSDT,bid,2300,8511.897
1726560399984,ETHUSDT,bid,2300,8514.297
1726560404503,ETHUSDT,bid,2300,8525.983
1726560405417,ETHUSDT,bid,2300,8525.974
1726560406037,ETHUSDT,bid,2300,8514.288
1726560407479,ETHUSDT,bid,2300,8516.688
1726560408612,ETHUSDT,bid,2300,8511.888
1726560408721,ETHUSDT,bid,2300,8512.788
1726560409028,ETHUSDT,bid,2300,8513.388
1726560409538,ETHUSDT,bid,2300,8513.388
1726560410256,ETHUSDT,bid,2300,8513.43
1726560410875,ETHUSDT,bid,2300,8513.226
1726560410977,ETHUSDT,bid,2300,8512.626
1726560411175,ETHUSDT,bid,2300,8514.163
1726560411282,ETHUSDT,bid,2300,8512.626
1726560412104,ETHUSDT,bid,2300,8512.584
1726560413537,ETHUSDT,bid,2300,8511.684
1726560414557,ETHUSDT,bid,2300,8512.767
1726560414660,ETHUSDT,bid,2300,8511.684
1726560415472,ETHUSDT,bid,2300,8056.198
1726560416806,ETHUSDT,bid,2230,4819.27
1726560417419,ETHUSDT,bid,2300,8051.867
1726560418231,ETHUSDT,bid,2300,8051.879
1726560418335,ETHUSDT,bid,2300,8052.322
1726560418438,ETHUSDT,bid,2230,4719.603
1726560418539,ETHUSDT,bid,2300,8052.545
1726560418840,ETHUSDT,bid,2300,8052.502
1726560418946,ETHUSDT,bid,2300,8052.099
1726560419047,ETHUSDT,bid,2300,8052.059
1726560419140,ETHUSDT,bid,2300,8051.879
1726560419448,ETHUSDT,bid,2230,4819.362
1726560419657,ETHUSDT,bid,2300,8053.803
1726560419863,ETHUSDT,bid,2300,8051.879
1726560420168,ETHUSDT,bid,2300,8051.986
1726560420270,ETHUSDT,bid,2300,8055.844
1726560420372,ETHUSDT,bid,2300,8055.86
1726560420473,ETHUSDT,bid,2300,8052.002
1726560421909,ETHUSDT,bid,2300,8052.435
1726560422013,ETHUSDT,bid,2300,8052.478
1726560422215,ETHUSDT,bid,2300,8052.487
1726560422316,ETHUSDT,bid,2300,8053.564
1726560422418,ETHUSDT,bid,2300,8053.607
1726560422618,ETHUSDT,bid,2300,8054.688
1726560422934,ETHUSDT,bid,2300,8055.072
1726560423441,ETHUSDT,bid,2300,8057.856
1726560423543,ETHUSDT,bid,2300,8064.52
1726560424884,ETHUSDT,bid,2300,8056.323
1726560425092,ETHUSDT,bid,2300,8056.281
1726560425605,ETHUSDT,bid,2300,8056.239
1726560426013,ETHUSDT,bid,2300,8056.197
1726560426114,ETHUSDT,bid,2300,8055.813
1726560426416,ETHUSDT,bid,2300,8056.246
1726560426939,ETHUSDT,bid,2300,8055.813
1726560427040,ETHUSDT,bid,2300,8055.813
1726560428162,ETHUSDT,bid,2300,8060.558
1726560428263,ETHUSDT,bid,2300,8051.888
1726560429197,ETHUSDT,bid,2300,8052.028
1726560429302,ETHUSDT,bid,2300,8052.168
1726560430111,ETHUSDT,bid,2300,8053.068
1726560430721,ETHUSDT,bid,2300,8052.168
1726560434228,ETHUSDT,bid,2300,8053.468
1726560435148,ETHUSDT,bid,2300,8053.328
1726560436176,ETHUSDT,bid,2300,8053.339
1726560446228,ETHUSDT,bid,2300,8053.542
1726560452029,ETHUSDT,bid,2300,8053.542
1726560454194,ETHUSDT,bid,2300,8053.531
1726560454498,ETHUSDT,bid,2300,8056.888
1726560455111,ETHUSDT,bid,2300,8057.636
1726560455619,ETHUSDT,bid,2300,8057.028
1726560457976,ETHUSDT,bid,2300,8080.544
1726560460027,ETHUSDT,bid,2300,8057.028
1726560460961,ETHUSDT,bid,2300,8056.548
1726560461267,ETHUSDT,bid,2300,8056.645
1726560461362,ETHUSDT,bid,2300,8058.845
1726560461980,ETHUSDT,bid,2300,8082.361
1726560462583,ETHUSDT,bid,2300,8082.361
1726560463207,ETHUSDT,bid,2300,8080.161
1726560463307,ETHUSDT,bid,2300,8080.284
1726560464031,ETHUSDT,bid,2300,8056.768
1726560464136,ETHUSDT,bid,2300,8056.645
1726560464336,ETHUSDT,bid,2300,8056.656
1726560467453,ETHUSDT,bid,2300,8056.778
1726560468380,ETHUSDT,bid,2300,8056.778
1726560471829,ETHUSDT,bid,2300,8058.278
1726560471931,ETHUSDT,bid,2300,8058.138
1726560472454,ETHUSDT,bid,2300,8058.138
1726560472555,ETHUSDT,bid,2300,8057.658
1726560488095,ETHUSDT,bid,2300,8057.536
1726560488607,ETHUSDT,bid,2300,8057.666
1726560495358,ETHUSDT,bid,2300,8053.699
1726560495781,ETHUSDT,bid,2300,8055.431
1726560495882,ETHUSDT,bid,2300,8055.441
1726560496084,ETHUSDT,bid,2300,8055.981
1726560496185,ETHUSDT,bid,2300,8056.241
1726560496794,ETHUSDT,bid,2300,8056.371
1726560497320,ETHUSDT,bid,2300,8058.271
1726560497421,ETHUSDT,bid,2300,8057.271
1726560497820,ETHUSDT,bid,2300,8056.371
1726560499285,ETHUSDT,bid,2300,8058.536
1726560499602,ETHUSDT,bid,2300,8056.371
1726560501147,ETHUSDT,bid,2300,8065.061
1726560501449,ETHUSDT,bid,2300,8066.061
1726560502369,ETHUSDT,bid,2300,8065.061
1726560503935,ETHUSDT,bid,2300,8056.361
1726560505067,ETHUSDT,bid,2300,8078.771
1726560505275,ETHUSDT,bid,2300,8077.039
1726560505483,ETHUSDT,bid,2300,8054.629
1726560511230,ETHUSDT,bid,2300,8116.782
1726560511944,ETHUSDT,bid,2300,8106.622
1726560512152,ETHUSDT,bid,2300,8116.566
1726560512966,ETHUSDT,bid,2300,8118.852
1726560513073,ETHUSDT,bid,2300,8119.496
1726560513380,ETHUSDT,bid,2300,8117.21
1726560514920,ETHUSDT,bid,2300,8116.566
1726560516372,ETHUSDT,bid,2300,8064.573
1726560516474,ETHUSDT,bid,2300,8054.629
1726560519905,ETHUSDT,bid,2300,8054.638
1726560522577,ETHUSDT,bid,2300,8055.246
1726560523604,ETHUSDT,bid,2300,8054.638
1726560526935,ETHUSDT,bid,2300,8055.382
1726560532301,ETHUSDT,bid,2300,8114.299
1726560535918,ETHUSDT,bid,2300,8114.833
1726560536219,ETHUSDT,bid,2300,8114.4
1726560537050,ETHUSDT,bid,2300,8113.555
1726560538501,ETHUSDT,bid,2300,8132.308
1726560538603,ETHUSDT,bid,2300,8113.555
1726560538706,ETHUSDT,bid,2300,8132.31
1726560538904,ETHUSDT,bid,2300,8134.598
1726560539423,ETHUSDT,bid,2300,8132.31
1726560539525,ETHUSDT,bid,2300,8113.555
1726560540444,ETHUSDT,bid,2300,8113.425
1726560543205,ETHUSDT,bid,2220,14825.537
1726560544329,ETHUSDT,bid,2300,8114.605
1726560548401,ETHUSDT,bid,2300,8114.657
1726560549011,ETHUSDT,bid,2300,8114.807
1726560549524,ETHUSDT,bid,2300,8114.657
1726560549613,ETHUSDT,bid,2300,8114.56
1726560552330,ETHUSDT,bid,2300,8114.08
1726560552430,ETHUSDT,bid,2300,8113.102
1726560552835,ETHUSDT,bid,2300,8113.102
1726560553138,ETHUSDT,bid,2300,8113.249
1726560554364,ETHUSDT,bid,2300,8449.757
1726560554465,ETHUSDT,bid,2300,8113.249
1726560561561,ETHUSDT,bid,2300,8116.249
1726560563018,ETHUSDT,bid,2300,8116.197
1726560565401,ETHUSDT,bid,2300,8116.388
1726560568067,ETHUSDT,bid,2300,8116.241
1726560575695,ETHUSDT,bid,2300,8150.326
1726560576613,ETHUSDT,bid,2300,8116.241
1726560581074,ETHUSDT,bid,2300,8117.201
1726560581176,ETHUSDT,bid,2300,8117.577
1726560581786,ETHUSDT,bid,2300,8117.756
1726560582914,ETHUSDT,bid,2300,8117.565
1726560584865,ETHUSDT,bid,2300,8114.565
1726560589010,ETHUSDT,bid,2300,8114.386
1726560593004,ETHUSDT,bid,2300,8055.469
1726560603972,ETHUSDT,bid,2300,8055.58
1726560605010,ETHUSDT,bid,2300,8074.332
1726560607264,ETHUSDT,bid,2300,8055.58
1726560607782,ETHUSDT,bid,2300,8055.568
1726560608506,ETHUSDT,bid,2300,8055.751
1726560612044,ETHUSDT,bid,2300,8055.271
1726560612855,ETHUSDT,bid,2300,8054.608
1726560613564,ETHUSDT,bid,2300,8055.598
1726560614375,ETHUSDT,bid,2300,8055.598
1726560622057,ETHUSDT,bid,2300,8056.078
1726560629074,ETHUSDT,bid,2300,8055.598
1726560629884,ETHUSDT,bid,2300,8055.222
1726560634305,ETHUSDT,bid,2300,8055.735
1726560636459,ETHUSDT,bid,2220,14825.524
1726560642809,ETHUSDT,bid,2300,8055.935
1726560643236,ETHUSDT,bid,2230,4818.09
1726560660102,ETHUSDT,bid,2300,8055.824
1726560663673,ETHUSDT,bid,2300,8055.838
1726560665315,ETHUSDT,bid,2300,8060.545
1726560683061,ETHUSDT,bid,2300,8060.345
1726560696085,ETHUSDT,bid,2230,4718.331
1726560697106,ETHUSDT,bid,2230,4818.191
1726560747114,ETHUSDT,bid,2300,8060.245
1726560750569,ETHUSDT,bid,2300,8062.844
1726560770914,ETHUSDT,bid,2300,8067.073
1726560777759,ETHUSDT,bid,2300,8062.366
1726560799164,ETHUSDT,bid,2300,8062.355
1726560800696,ETHUSDT,bid,2300,8067.975
1726560807520,ETHUSDT,bid,2300,8087.975
1726560808354,ETHUSDT,bid,2300,8087.997
1726560810847,ETHUSDT,bid,2300,8082.377
1726560827396,ETHUSDT,bid,2300,8082.677
1726560846732,ETHUSDT,bid,2300,8083.667
1726560847344,ETHUSDT,bid,2300,8083.796
1726560848777,ETHUSDT,bid,2300,8084.925
1726560849081,ETHUSDT,bid,2300,8090.046
1726560850519,ETHUSDT,bid,2300,8084.925
1726560851953,ETHUSDT,bid,2300,8223.574
1726560858481,ETHUSDT,bid,2300,8223.753
1726560863973,ETHUSDT,bid,2300,8232.461
1726560864087,ETHUSDT,bid,2300,8228.232
1726560869027,ETHUSDT,bid,2300,8219.524
1726560869129,ETHUSDT,bid,2300,8228.232
1726560872732,ETHUSDT,bid,2300,8228.232
1726560877146,ETHUSDT,bid,2300,8228.495
1726560877248,ETHUSDT,bid,2300,8089.846
1726560879406,ETHUSDT,bid,2300,8089.846
1726560879815,ETHUSDT,bid,2300,8081.138
1726560886003,ETHUSDT,bid,2300,8080.875
1726560886305,ETHUSDT,bid,2300,8080.905
1726560890016,ETHUSDT,bid,2300,8078.925
1726560892079,ETHUSDT,bid,2300,8079.405
1726560892174,ETHUSDT,bid,2300,8079.375
1726560900839,ETHUSDT,bid,2220,14825.244
1726560905159,ETHUSDT,bid,2300,8078.895
1726560910922,ETHUSDT,bid,2300,8078.872
1726560912482,ETHUSDT,bid,2300,8083.247
1726560917503,ETHUSDT,bid,2300,8083.256
1726560920628,ETHUSDT,bid,2300,8083.247
1726560926202,ETHUSDT,bid,2300,8082.988
1726560934542,ETHUSDT,bid,2300,8083.07
1726560935383,ETHUSDT,bid,2300,8082.988
1726560936198,ETHUSDT,bid,2300,8082.997
1726560943160,ETHUSDT,bid,2300,8083.897
1726560945018,ETHUSDT,bid,2300,8082.997
1726560945842,ETHUSDT,bid,2300,8082.997
1726560951326,ETHUSDT,bid,2300,8083.006
1726560952047,ETHUSDT,bid,2300,8083.015
1726560952252,ETHUSDT,bid,2300,8083.033
1726560953481,ETHUSDT,bid,2300,8083.024
1726560953895,ETHUSDT,bid,2300,8083.015
1726560953994,ETHUSDT,bid,2300,8083.006
1726560954306,ETHUSDT,bid,2300,8082.997
1726560955769,ETHUSDT,bid,2300,8083.477
1726560962873,ETHUSDT,bid,2300,8082.997
1726560966454,ETHUSDT,bid,2300,8082.988
1726560970914,ETHUSDT,bid,2300,8082.997
1726560973604,ETHUSDT,bid,2300,8082.988
1726560976005,ETHUSDT,bid,2300,8085.423
1726560986742,ETHUSDT,bid,2230,4718.331
1726560987781,ETHUSDT,bid,2230,4818.289
1726560997126,ETHUSDT,bid,2300,8093.857
1726561000233,ETHUSDT,bid,2300,8092.599
1726561000537,ETHUSDT,bid,2300,8093.425
1726561004321,ETHUSDT,bid,2300,8093.554
1726561004633,ETHUSDT,bid,2300,8093.208
1726561005862,ETHUSDT,bid,2300,8094.291
1726561005965,ETHUSDT,bid,2300,8095.291
1726561006064,ETHUSDT,bid,2300,8094.573
1726561006371,ETHUSDT,bid,2300,8094.71
1726561007083,ETHUSDT,bid,2300,8093.71
1726561007490,ETHUSDT,bid,2300,8093.248
1726561009438,ETHUSDT,bid,2300,8101.898
1726561009539,ETHUSDT,bid,2300,8097.797
1726561009741,ETHUSDT,bid,2300,8097.285
1726561011604,ETHUSDT,bid,2300,8098.185
1726561013375,ETHUSDT,bid,2300,8097.285
1726561013579,ETHUSDT,bid,2300,8092.736
1726561013682,ETHUSDT,bid,2300,8092.599
1726561023887,ETHUSDT,bid,2300,8093.079
1726561027885,ETHUSDT,bid,2300,8102.925
1726561029528,ETHUSDT,bid,2300,8093.079
1726561029633,ETHUSDT,bid,2300,8093.079
1726561035315,ETHUSDT,bid,2300,8093.187
1726561036454,ETHUSDT,bid,2300,8136.594
1726561036764,ETHUSDT,bid,2300,8137.676
1726561038296,ETHUSDT,bid,2300,8135.077
1726561040602,ETHUSDT,bid,2300,8135.943
1726561041109,ETHUSDT,bid,2300,8134.861
1726561041310,ETHUSDT,bid,2300,8134.216
1726561041823,ETHUSDT,bid,2300,8135.082
1726561041927,ETHUSDT,bid,2300,8134.216
1726561042640,ETHUSDT,bid,2300,8134.824
1726561042958,ETHUSDT,bid,2300,8135.69
1726561043559,ETHUSDT,bid,2300,8107.939
1726561043668,ETHUSDT,bid,2300,8107.331
1726561043760,ETHUSDT,bid,2300,8107.331
1726561045635,ETHUSDT,bid,2300,8107.939
1726561046365,ETHUSDT,bid,2300,8099.941
1726561046674,ETHUSDT,bid,2300,8099.333
1726561047914,ETHUSDT,bid,2300,8113.47
1726561048017,ETHUSDT,bid,2300,8111.738
1726561048118,ETHUSDT,bid,2300,8112.171
1726561048319,ETHUSDT,bid,2300,8112.301
1726561048716,ETHUSDT,bid,2300,8102.665
1726561051316,ETHUSDT,bid,2300,8109.158
1726561051419,ETHUSDT,bid,2300,8102.665
1726561052573,ETHUSDT,bid,2300,8094.911
1726561052677,ETHUSDT,bid,2300,8094.743
1726561053079,ETHUSDT,bid,2300,8091.743
1726561053904,ETHUSDT,bid,2300,8091.343
1726561054007,ETHUSDT,bid,2300,8090.26
1726561054723,ETHUSDT,bid,2300,8091.46
1726561055251,ETHUSDT,bid,2300,8092.766
1726561055349,ETHUSDT,bid,2300,8093.166
1726561055457,ETHUSDT,bid,2300,8092.966
1726561055762,ETHUSDT,bid,2300,8092.566
1726561056593,ETHUSDT,bid,2300,8092.166
1726561057310,ETHUSDT,bid,2300,8095.528
1726561057413,ETHUSDT,bid,2300,8094.928
1726561057940,ETHUSDT,bid,2300,8092.966
1726561058542,ETHUSDT,bid,2300,8093.366
1726561058760,ETHUSDT,bid,2300,8084.932
1726561058854,ETHUSDT,bid,2300,8084.532
1726561059792,ETHUSDT,bid,2300,8089.332
1726561059997,ETHUSDT,bid,2300,8084.532
1726561060816,ETHUSDT,bid,2300,8085.135
1726561062776,ETHUSDT,bid,2300,8090.085
1726561063192,ETHUSDT,bid,2300,8087.285
1726561069098,ETHUSDT,bid,2300,8083.299
1726561070013,ETHUSDT,bid,2300,8083.815
1726561071349,ETHUSDT,bid,2300,8082.216
1726561073100,ETHUSDT,bid,2300,8087.016
1726561073203,ETHUSDT,bid,2300,8087.184
1726561073504,ETHUSDT,bid,2300,8083.084
1726561074124,ETHUSDT,bid,2300,8082.384
1726561081462,ETHUSDT,bid,2300,8082.394
1726561082385,ETHUSDT,bid,2300,8082.216
1726561082990,ETHUSDT,bid,2300,8083.521
1726561083303,ETHUSDT,bid,2300,8082.871
1726561083507,ETHUSDT,bid,2300,8083.013
1726561083610,ETHUSDT,bid,2300,8083.08
1726561083715,ETHUSDT,bid,2300,8083.327
1726561083819,ETHUSDT,bid,2300,8083.727
1726561084023,ETHUSDT,bid,2300,8083.736
1726561084125,ETHUSDT,bid,2300,7993.209
1726561084227,ETHUSDT,bid,2300,7991.621
1726561084331,ETHUSDT,bid,2300,7991.652
1726561084435,ETHUSDT,bid,2300,7992.328
1726561084536,ETHUSDT,bid,2300,7991.304
1726561084635,ETHUSDT,bid,2300,7991.201
1726561084738,ETHUSDT,bid,2300,7992.001
1726561084946,ETHUSDT,bid,2300,7990.801
1726561085048,ETHUSDT,bid,2300,7944.904
1726561085163,ETHUSDT,bid,2300,7944.327
1726561085267,ETHUSDT,bid,2300,7944.727
1726561085365,ETHUSDT,bid,2300,7944.706
1726561085473,ETHUSDT,bid,2300,7944.715
1726561085587,ETHUSDT,bid,2300,7944.737
1726561085685,ETHUSDT,bid,2300,7940.576
1726561085790,ETHUSDT,bid,2300,7940.546
1726561086003,ETHUSDT,bid,2300,7940.546
1726561086105,ETHUSDT,bid,2300,7941.346
1726561086209,ETHUSDT,bid,2300,7940.547
1726561086310,ETHUSDT,bid,2300,7937.217
1726561086407,ETHUSDT,bid,2300,7930.832
1726561086510,ETHUSDT,bid,2300,7930.9
1726561086612,ETHUSDT,bid,2300,7930.101
1726561086718,ETHUSDT,bid,2300,7886.296
1726561086823,ETHUSDT,bid,2300,7884.996
1726561086923,ETHUSDT,bid,2300,7886.396
1726561087024,ETHUSDT,bid,2300,7886.396
1726561087108,ETHUSDT,bid,2300,7886.437
1726561087227,ETHUSDT,bid,2300,7886.575
1726561087334,ETHUSDT,bid,2300,7886.708
1726561087435,ETHUSDT,bid,2300,7913.383
1726561087535,ETHUSDT,bid,2300,7914.787
1726561087623,ETHUSDT,bid,2300,7915.01
1726561087839,ETHUSDT,bid,2300,7860.696
1726561087940,ETHUSDT,bid,2300,7848.058
1726561088050,ETHUSDT,bid,2300,7848.858
1726561088148,ETHUSDT,bid,2300,7848.818
1726561088255,ETHUSDT,bid,2300,7612.974
1726561088356,ETHUSDT,bid,2300,7612.538
1726561088444,ETHUSDT,bid,2300,7612.123
1726561088561,ETHUSDT,bid,2300,7612.929
1726561088668,ETHUSDT,bid,2300,7612.154
1726561088760,ETHUSDT,bid,2300,7612.954
1726561088874,ETHUSDT,bid,2300,7612.954
1726561088970,ETHUSDT,bid,2300,7602.954
1726561089070,ETHUSDT,bid,2300,7602.948
1726561089171,ETHUSDT,bid,2300,7594.288
1726561089282,ETHUSDT,bid,2300,7591.816
1726561089402,ETHUSDT,bid,2300,7590.891
1726561089503,ETHUSDT,bid,2300,7588.502
1726561089704,ETHUSDT,bid,2300,7588.221
1726561089807,ETHUSDT,bid,2300,7588.212
1726561089917,ETHUSDT,bid,2300,7588.211
1726561090019,ETHUSDT,bid,2300,7588.211
1726561090225,ETHUSDT,bid,2300,7587.825
1726561090332,ETHUSDT,bid,2300,7587.021
1726561090439,ETHUSDT,bid,2300,7586.31
1726561090542,ETHUSDT,bid,2300,7586.642
1726561090647,ETHUSDT,bid,2300,7587.464
1726561091093,ETHUSDT,bid,2300,7587.462
1726561091198,ETHUSDT,bid,2300,7587.528
1726561091303,ETHUSDT,bid,2300,7588.408
1726561091405,ETHUSDT,bid,2300,7587.568
1726561091505,ETHUSDT,bid,2300,7588.533
1726561091604,ETHUSDT,bid,2300,7588.535
1726561091707,ETHUSDT,bid,2300,7589.384
1726561091812,ETHUSDT,bid,2300,7588.972
1726561091921,ETHUSDT,bid,2300,7616.76
1726561092126,ETHUSDT,bid,2300,7620.113
1726561092241,ETHUSDT,bid,2300,7621.83
1726561092343,ETHUSDT,bid,2300,7621.89
1726561092443,ETHUSDT,bid,2300,7622.065
1726561092540,ETHUSDT,bid,2300,7621.813
1726561092645,ETHUSDT,bid,2300,7621.834
1726561092751,ETHUSDT,bid,2300,7613.593
1726561092852,ETHUSDT,bid,2300,7612.293
1726561092955,ETHUSDT,bid,2300,7550.655
1726561093056,ETHUSDT,bid,2300,7367.923
1726561093154,ETHUSDT,bid,2300,7367.933
1726561093262,ETHUSDT,bid,2300,7340.889
1726561093362,ETHUSDT,bid,2300,7340.886
1726561093465,ETHUSDT,bid,2300,7340.82
1726561093567,ETHUSDT,bid,2300,7341.924
1726561093670,ETHUSDT,bid,2300,7342.1
1726561093975,ETHUSDT,bid,2300,5300.592
1726561094080,ETHUSDT,bid,2300,5299.697
1726561094285,ETHUSDT,bid,2300,5299.447
1726561094389,ETHUSDT,bid,2300,5299.48
1726561094588,ETHUSDT,bid,2300,5299.491
1726561094696,ETHUSDT,bid,2300,5250.52
1726561094802,ETHUSDT,bid,2300,5250.351
1726561094905,ETHUSDT,bid,2300,5235.692
1726561095007,ETHUSDT,bid,2300,5235.692
1726561095105,ETHUSDT,bid,2300,5210.535
1726561095212,ETHUSDT,bid,2300,5210.535
1726561095315,ETHUSDT,bid,2300,5180.179
1726561095405,ETHUSDT,bid,2300,5130.164
1726561095510,ETHUSDT,bid,2300,5130.281
1726561095623,ETHUSDT,bid,2300,5128.281
1726561095722,ETHUSDT,bid,2300,5127.931
1726561095830,ETHUSDT,bid,2300,5125.747
1726561095934,ETHUSDT,bid,2300,5125.276
1726561096039,ETHUSDT,bid,2300,5124.822
1726561096143,ETHUSDT,bid,2300,5124.832
1726561096247,ETHUSDT,bid,2300,5124.869
1726561096451,ETHUSDT,bid,2300,5125.528
1726561096540,ETHUSDT,bid,2300,5126.202
1726561096654,ETHUSDT,bid,2300,5126.351
1726561096743,ETHUSDT,bid,2300,5126.366
1726561096958,ETHUSDT,bid,2300,5126.152
1726561097059,ETHUSDT,bid,2300,5125.682
1726561097159,ETHUSDT,bid,2300,5125.692
1726561097480,ETHUSDT,bid,2300,5116.869
1726561097580,ETHUSDT,bid,2300,5116.328
1726561097775,ETHUSDT,bid,2300,5112.744
1726561098096,ETHUSDT,bid,2300,5112.081
1726561098197,ETHUSDT,bid,2300,5108.353
1726561098296,ETHUSDT,bid,2300,5108.395
1726561098403,ETHUSDT,bid,2300,5108.932
1726561098812,ETHUSDT,bid,2300,5103.74
1726561098913,ETHUSDT,bid,2300,5103.638
1726561099007,ETHUSDT,bid,2300,5103.638
1726561099118,ETHUSDT,bid,2300,5102.894
1726561099237,ETHUSDT,bid,2300,5102.776
1726561099335,ETHUSDT,bid,2300,5102.781
1726561099442,ETHUSDT,bid,2300,5103.102
1726561099539,ETHUSDT,bid,2300,5101.183
1726561099935,ETHUSDT,bid,2300,5101.021
1726561100158,ETHUSDT,bid,2300,5098.437
1726561100259,ETHUSDT,bid,2300,5098.187
1726561100355,ETHUSDT,bid,2300,5098.359
1726561100458,ETHUSDT,bid,2300,5099.531
1726561100566,ETHUSDT,bid,2300,5089.531
1726561101193,ETHUSDT,bid,2300,5089.929
1726561101299,ETHUSDT,bid,2300,5085.385
1726561101396,ETHUSDT,bid,2300,5085.306
1726561101496,ETHUSDT,bid,2300,5085.254
1726561101603,ETHUSDT,bid,2300,5085.274
1726561102033,ETHUSDT,bid,2300,5085.448
1726561102135,ETHUSDT,bid,2300,5084.846
1726561102231,ETHUSDT,bid,2300,5084.464
1726561102432,ETHUSDT,bid,2300,5084.722
1726561102530,ETHUSDT,bid,2300,5084.722
1726561102660,ETHUSDT,bid,2300,5079.722
1726561102763,ETHUSDT,bid,2300,5079.613
1726561102861,ETHUSDT,bid,2300,5096.935
1726561102969,ETHUSDT,bid,2240,4494.525
1726561102969,ETHUSDT,bid,2300,5096.948
1726561103175,ETHUSDT,bid,2300,5096.967
1726561103383,ETHUSDT,bid,2300,5096.967
1726561103482,ETHUSDT,bid,2300,5096.925
1726561103788,ETHUSDT,bid,2300,5096.944
1726561103892,ETHUSDT,bid,2300,5093.207
1726561104100,ETHUSDT,bid,2300,5093.393
1726561104202,ETHUSDT,bid,2300,5093.38
1726561104509,ETHUSDT,bid,2300,5093.188
1726561104604,ETHUSDT,bid,2300,5092.979
1726561104713,ETHUSDT,bid,2300,5072.979
1726561104812,ETHUSDT,bid,2300,5072.966
1726561105025,ETHUSDT,bid,2300,5072.953
1726561105122,ETHUSDT,bid,2300,5072.966
1726561105231,ETHUSDT,bid,2300,5072.954
1726561105335,ETHUSDT,bid,2300,5062.45
1726561105528,ETHUSDT,bid,2300,5063.166
1726561105622,ETHUSDT,bid,2300,5061.556
1726561105746,ETHUSDT,bid,2300,5060.411
1726561105850,ETHUSDT,bid,2300,5058.212
1726561105952,ETHUSDT,bid,2300,5047.882
1726561106052,ETHUSDT,bid,2300,5047.364
1726561106155,ETHUSDT,bid,2300,5047.774
1726561106256,ETHUSDT,bid,2300,5047.172
1726561106464,ETHUSDT,bid,2300,5042.749
1726561106566,ETHUSDT,bid,2300,5042.784
1726561106662,ETHUSDT,bid,2300,5041.9
1726561106769,ETHUSDT,bid,2300,5041.9
1726561107181,ETHUSDT,bid,2300,5042.271
1726561107265,ETHUSDT,bid,2300,5042.241
1726561107489,ETHUSDT,bid,2300,5042.219
1726561107700,ETHUSDT,bid,2300,5042.237
1726561107800,ETHUSDT,bid,2300,5042.037
1726561107902,ETHUSDT,bid,2300,5042.037
1726561108105,ETHUSDT,bid,2300,5042.222
1726561108205,ETHUSDT,bid,2300,5042.219
1726561108309,ETHUSDT,bid,2300,5042.262
1726561108411,ETHUSDT,bid,2300,5040.118
1726561108513,ETHUSDT,bid,2300,5040.172
1726561108613,ETHUSDT,bid,2300,5040.91
1726561109041,ETHUSDT,bid,2300,5040.91
1726561109147,ETHUSDT,bid,2300,5040.909
1726561109250,ETHUSDT,bid,2300,5037.705
1726561109559,ETHUSDT,bid,2300,5037.728
1726561109663,ETHUSDT,bid,2300,5037.748
1726561109988,ETHUSDT,bid,2300,5037.937
1726561110105,ETHUSDT,bid,2300,5037.898
1726561110203,ETHUSDT,bid,2300,5039.23
1726561110304,ETHUSDT,bid,2300,5039.235
1726561110522,ETHUSDT,bid,2300,5039.242
1726561110750,ETHUSDT,bid,2300,5039.442
1726561110946,ETHUSDT,bid,2300,5039.418
1726561111171,ETHUSDT,bid,2300,5038.288
1726561111269,ETHUSDT,bid,2300,5038.298
1726561111385,ETHUSDT,bid,2300,5037.191
1726561111488,ETHUSDT,bid,2300,5036.84
1726561111588,ETHUSDT,bid,2300,5037.614
1726561111690,ETHUSDT,bid,2300,5037.592
1726561111789,ETHUSDT,bid,2300,5030.844
1726561111888,ETHUSDT,bid,2300,5030.844
1726561111992,ETHUSDT,bid,2300,5030.824
1726561112095,ETHUSDT,bid,2300,5031.01
1726561112202,ETHUSDT,bid,2300,5028.702
1726561112302,ETHUSDT,bid,2300,5028.643
1726561112405,ETHUSDT,bid,2300,5028.643
1726561112607,ETHUSDT,bid,2300,5028.719
1726561112712,ETHUSDT,bid,2300,5024.192
1726561112817,ETHUSDT,bid,2300,5024.189
1726561112919,ETHUSDT,bid,2300,5021.941
1726561113039,ETHUSDT,bid,2300,5021.499
1726561113139,ETHUSDT,bid,2300,5022.796
1726561113241,ETHUSDT,bid,2300,5021.946
1726561113356,ETHUSDT,bid,2300,5024.136
1726561113452,ETHUSDT,bid,2300,5023.886
1726561113561,ETHUSDT,bid,2300,5023.281
1726561113671,ETHUSDT,bid,2300,5023.135
1726561113777,ETHUSDT,bid,2300,5023.019
1726561113975,ETHUSDT,bid,2300,5021.916
1726561114085,ETHUSDT,bid,2300,5022.119
1726561114189,ETHUSDT,bid,2300,5022.183
1726561114293,ETHUSDT,bid,2300,5022.045
1726561114402,ETHUSDT,bid,2300,5022.039
1726561114505,ETHUSDT,bid,2300,5021.861
1726561114607,ETHUSDT,bid,2300,5006.713
1726561114707,ETHUSDT,bid,2300,5006.613
1726561114917,ETHUSDT,bid,2300,5006.591
1726561115018,ETHUSDT,bid,2300,5008.571
1726561115116,ETHUSDT,bid,2300,5008.659
1726561115226,ETHUSDT,bid,2300,5008.567
1726561115337,ETHUSDT,bid,2300,5009.447
1726561115543,ETHUSDT,bid,2300,5009.604
1726561115661,ETHUSDT,bid,2300,5009.624
1726561115879,ETHUSDT,bid,2300,5009.604
1726561115974,ETHUSDT,bid,2300,5009.587
1726561116090,ETHUSDT,bid,2300,4993.978
1726561116293,ETHUSDT,bid,2300,4993.785
1726561116396,ETHUSDT,bid,2300,4993.785
1726561116496,ETHUSDT,bid,2300,4993.568
1726561116592,ETHUSDT,bid,2300,4993.558
1726561116703,ETHUSDT,bid,2300,4993.558
1726561117114,ETHUSDT,bid,2300,4993.441
1726561117214,ETHUSDT,bid,2300,4991.548
1726561117306,ETHUSDT,bid,2300,4993.073
1726561117415,ETHUSDT,bid,2300,4998.374
1726561117520,ETHUSDT,bid,2300,4999.147
1726561117621,ETHUSDT,bid,2300,4997.836
1726561117734,ETHUSDT,bid,2300,5001.755
1726561117838,ETHUSDT,bid,2300,4988.437
1726561117940,ETHUSDT,bid,2300,4988.419
1726561118044,ETHUSDT,bid,2300,4988.058
1726561118140,ETHUSDT,bid,2300,4988.236
1726561118253,ETHUSDT,bid,2300,4988.031
1726561118361,ETHUSDT,bid,2300,4987.996
1726561118462,ETHUSDT,bid,2300,4994.711
1726561118573,ETHUSDT,bid,2300,4994.722
1726561118664,ETHUSDT,bid,2300,4994.59
1726561118802,ETHUSDT,bid,2300,4994.579
1726561118904,ETHUSDT,bid,2300,4994.579
1726561119009,ETHUSDT,bid,2300,4994.361
1726561119130,ETHUSDT,bid,2300,4994.335
1726561119238,ETHUSDT,bid,2300,4992.487
1726561119339,ETHUSDT,bid,2300,4994.311
1726561119442,ETHUSDT,bid,2300,4994.288
1726561119748,ETHUSDT,bid,2300,4994.308
1726561119854,ETHUSDT,bid,2300,4989.478
1726561119961,ETHUSDT,bid,2300,4997.458
1726561120267,ETHUSDT,bid,2300,5000.306
1726561120368,ETHUSDT,bid,2300,4988.509
1726561120571,ETHUSDT,bid,2300,4984.917
1726561120773,ETHUSDT,bid,2300,4983.717
1726561120876,ETHUSDT,bid,2300,4983.705
1726561121687,ETHUSDT,bid,2300,4981.066
1726561122000,ETHUSDT,bid,2300,4981.046
1726561122303,ETHUSDT,bid,2300,4980.86
1726561122608,ETHUSDT,bid,2300,4974.145
1726561122810,ETHUSDT,bid,2300,4974.435
1726561123930,ETHUSDT,bid,2300,4974.415
1726561124280,ETHUSDT,bid,2300,4974.228
1726561124383,ETHUSDT,bid,2300,4974.278
1726561124589,ETHUSDT,bid,2300,4977.11
1726561125003,ETHUSDT,bid,2300,4977.658
1726561125316,ETHUSDT,bid,2300,4974.826
1726561125526,ETHUSDT,bid,2300,4977.658
1726561125732,ETHUSDT,bid,2300,4977.608
1726561125835,ETHUSDT,bid,2300,4974.776
1726561125935,ETHUSDT,bid,2300,4974.756
1726561126038,ETHUSDT,bid,2300,4983.432
1726561126140,ETHUSDT,bid,2300,4974.73
1726561126342,ETHUSDT,bid,2300,4975.597
1726561126443,ETHUSDT,bid,2300,4975.585
1726561127055,ETHUSDT,bid,2300,4976.171
1726561127464,ETHUSDT,bid,2300,4977.071
1726561127978,ETHUSDT,bid,2300,4977.052
1726561128281,ETHUSDT,bid,2300,4977.859
1726561128814,ETHUSDT,bid,2300,4977.848
1726561129967,ETHUSDT,bid,2300,4977.828
1726561130375,ETHUSDT,bid,2300,4976.742
1726561130996,ETHUSDT,bid,2300,4975.876
1726561131611,ETHUSDT,bid,2300,4962.891
1726561132522,ETHUSDT,bid,2300,4971.339
1726561135722,ETHUSDT,bid,2300,4971.64
1726561138289,ETHUSDT,bid,2300,4963.192
1726561142440,ETHUSDT,bid,2300,4963.322
